%YAML 1.1
%TAG !u! tag:unity3d.com,2011:
--- !u!1 &7654804288615369137
GameObject:
  m_ObjectHideFlags: 0
  m_CorrespondingSourceObject: {fileID: 0}
  m_PrefabInstance: {fileID: 0}
  m_PrefabAsset: {fileID: 0}
  serializedVersion: 6
  m_Component:
  - component: {fileID: 7654804288615369142}
  - component: {fileID: 7654804288615369140}
  - component: {fileID: 7654804288615369143}
  m_Layer: 5
  m_Name: Text - Header
  m_TagString: Untagged
  m_Icon: {fileID: 0}
  m_NavMeshLayer: 0
  m_StaticEditorFlags: 0
  m_IsActive: 1
--- !u!224 &7654804288615369142
RectTransform:
  m_ObjectHideFlags: 0
  m_CorrespondingSourceObject: {fileID: 0}
  m_PrefabInstance: {fileID: 0}
  m_PrefabAsset: {fileID: 0}
  m_GameObject: {fileID: 7654804288615369137}
  m_LocalRotation: {x: -0, y: -0, z: -0, w: 1}
  m_LocalPosition: {x: 0, y: 0, z: 0}
  m_LocalScale: {x: 1, y: 1, z: 1}
  m_Children: []
  m_Father: {fileID: 7654804290121584171}
  m_RootOrder: 0
  m_LocalEulerAnglesHint: {x: 0, y: 0, z: 0}
  m_AnchorMin: {x: 0.5, y: 1}
  m_AnchorMax: {x: 0.5, y: 1}
  m_AnchoredPosition: {x: 0.000015259, y: -74.351166}
  m_SizeDelta: {x: 1920, y: 148.6924}
  m_Pivot: {x: 0.5, y: 0.5}
--- !u!222 &7654804288615369140
CanvasRenderer:
  m_ObjectHideFlags: 0
  m_CorrespondingSourceObject: {fileID: 0}
  m_PrefabInstance: {fileID: 0}
  m_PrefabAsset: {fileID: 0}
  m_GameObject: {fileID: 7654804288615369137}
  m_CullTransparentMesh: 1
--- !u!114 &7654804288615369143
MonoBehaviour:
  m_ObjectHideFlags: 0
  m_CorrespondingSourceObject: {fileID: 0}
  m_PrefabInstance: {fileID: 0}
  m_PrefabAsset: {fileID: 0}
  m_GameObject: {fileID: 7654804288615369137}
  m_Enabled: 1
  m_EditorHideFlags: 0
  m_Script: {fileID: 11500000, guid: 5f7201a12d95ffc409449d95f23cf332, type: 3}
  m_Name: 
  m_EditorClassIdentifier: 
  m_Material: {fileID: 0}
  m_Color: {r: 0.03529412, g: 0.47450984, b: 0.5294118, a: 1}
  m_RaycastTarget: 1
  m_RaycastPadding: {x: 0, y: 0, z: 0, w: 0}
  m_Maskable: 1
  m_OnCullStateChanged:
    m_PersistentCalls:
      m_Calls: []
  m_FontData:
    m_Font: {fileID: 12800000, guid: de26e88341cdcfe41a91c78223e5688e, type: 3}
    m_FontSize: 78
    m_FontStyle: 0
    m_BestFit: 0
    m_MinSize: 7
    m_MaxSize: 96
    m_Alignment: 4
    m_AlignByGeometry: 0
    m_RichText: 1
    m_HorizontalOverflow: 0
    m_VerticalOverflow: 0
    m_LineSpacing: 1
  m_Text: Character Dances
--- !u!1 &7654804289138814662
GameObject:
  m_ObjectHideFlags: 0
  m_CorrespondingSourceObject: {fileID: 0}
  m_PrefabInstance: {fileID: 0}
  m_PrefabAsset: {fileID: 0}
  serializedVersion: 6
  m_Component:
  - component: {fileID: 7654804289138814663}
  - component: {fileID: 7654804289138814661}
  - component: {fileID: 7654804289138814660}
  - component: {fileID: 7654804289138814666}
  m_Layer: 5
  m_Name: Grid - ButtonAnimations
  m_TagString: Untagged
  m_Icon: {fileID: 0}
  m_NavMeshLayer: 0
  m_StaticEditorFlags: 0
  m_IsActive: 1
--- !u!224 &7654804289138814663
RectTransform:
  m_ObjectHideFlags: 0
  m_CorrespondingSourceObject: {fileID: 0}
  m_PrefabInstance: {fileID: 0}
  m_PrefabAsset: {fileID: 0}
  m_GameObject: {fileID: 7654804289138814662}
  m_LocalRotation: {x: -0, y: -0, z: -0, w: 1}
  m_LocalPosition: {x: 0, y: 0, z: 0}
  m_LocalScale: {x: 1, y: 1, z: 1}
  m_Children: []
  m_Father: {fileID: 7654804290121584171}
  m_RootOrder: 1
  m_LocalEulerAnglesHint: {x: 0, y: 0, z: 0}
  m_AnchorMin: {x: 0, y: 1}
  m_AnchorMax: {x: 0, y: 1}
  m_AnchoredPosition: {x: 265.49408, y: -539.0043}
  m_SizeDelta: {x: 487.9882, y: 1056.0085}
  m_Pivot: {x: 0.5, y: 0.5}
--- !u!222 &7654804289138814661
CanvasRenderer:
  m_ObjectHideFlags: 0
  m_CorrespondingSourceObject: {fileID: 0}
  m_PrefabInstance: {fileID: 0}
  m_PrefabAsset: {fileID: 0}
  m_GameObject: {fileID: 7654804289138814662}
  m_CullTransparentMesh: 1
--- !u!114 &7654804289138814660
MonoBehaviour:
  m_ObjectHideFlags: 0
  m_CorrespondingSourceObject: {fileID: 0}
  m_PrefabInstance: {fileID: 0}
  m_PrefabAsset: {fileID: 0}
  m_GameObject: {fileID: 7654804289138814662}
  m_Enabled: 1
  m_EditorHideFlags: 0
  m_Script: {fileID: 11500000, guid: fe87c0e1cc204ed48ad3b37840f39efc, type: 3}
  m_Name: 
  m_EditorClassIdentifier: 
  m_Material: {fileID: 0}
  m_Color: {r: 1, g: 1, b: 1, a: 0.392}
  m_RaycastTarget: 1
  m_RaycastPadding: {x: 0, y: 0, z: 0, w: 0}
  m_Maskable: 1
  m_OnCullStateChanged:
    m_PersistentCalls:
      m_Calls: []
  m_Sprite: {fileID: 21300000, guid: 06edc4e02f9c48647adfed0a778cb8aa, type: 3}
  m_Type: 1
  m_PreserveAspect: 0
  m_FillCenter: 1
  m_FillMethod: 4
  m_FillAmount: 1
  m_FillClockwise: 1
  m_FillOrigin: 0
  m_UseSpriteMesh: 0
  m_PixelsPerUnitMultiplier: 1
--- !u!114 &7654804289138814666
MonoBehaviour:
  m_ObjectHideFlags: 0
  m_CorrespondingSourceObject: {fileID: 0}
  m_PrefabInstance: {fileID: 0}
  m_PrefabAsset: {fileID: 0}
  m_GameObject: {fileID: 7654804289138814662}
  m_Enabled: 1
  m_EditorHideFlags: 0
  m_Script: {fileID: 11500000, guid: 8a8695521f0d02e499659fee002a26c2, type: 3}
  m_Name: 
  m_EditorClassIdentifier: 
  m_Padding:
    m_Left: 0
    m_Right: 0
    m_Top: 0
    m_Bottom: 0
  m_ChildAlignment: 4
  m_StartCorner: 0
  m_StartAxis: 1
  m_CellSize: {x: 305.99, y: 172.4}
  m_Spacing: {x: 0, y: 0}
  m_Constraint: 2
  m_ConstraintCount: 5
--- !u!1 &7654804289285466746
GameObject:
  m_ObjectHideFlags: 0
  m_CorrespondingSourceObject: {fileID: 0}
  m_PrefabInstance: {fileID: 0}
  m_PrefabAsset: {fileID: 0}
  serializedVersion: 6
  m_Component:
  - component: {fileID: 7654804289285466745}
  - component: {fileID: 7654804289285466744}
  m_Layer: 0
  m_Name: Camera - Hero
  m_TagString: Untagged
  m_Icon: {fileID: 0}
  m_NavMeshLayer: 0
  m_StaticEditorFlags: 0
  m_IsActive: 1
--- !u!4 &7654804289285466745
Transform:
  m_ObjectHideFlags: 0
  m_CorrespondingSourceObject: {fileID: 0}
  m_PrefabInstance: {fileID: 0}
  m_PrefabAsset: {fileID: 0}
  m_GameObject: {fileID: 7654804289285466746}
  m_LocalRotation: {x: -0, y: -0, z: -0, w: 1}
  m_LocalPosition: {x: -963.82, y: -539.13, z: -9.86}
  m_LocalScale: {x: 1, y: 1, z: 1}
  m_Children: []
  m_Father: {fileID: 7654804290121584171}
  m_RootOrder: 3
  m_LocalEulerAnglesHint: {x: 0, y: 0, z: 0}
--- !u!20 &7654804289285466744
Camera:
  m_ObjectHideFlags: 0
  m_CorrespondingSourceObject: {fileID: 0}
  m_PrefabInstance: {fileID: 0}
  m_PrefabAsset: {fileID: 0}
  m_GameObject: {fileID: 7654804289285466746}
  m_Enabled: 1
  serializedVersion: 2
  m_ClearFlags: 2
  m_BackGroundColor: {r: 0.19215687, g: 0.3019608, b: 0.4745098, a: 0}
  m_projectionMatrixMode: 1
  m_GateFitMode: 2
  m_FOVAxisMode: 0
  m_SensorSize: {x: 36, y: 24}
  m_LensShift: {x: 0, y: 0}
  m_FocalLength: 50
  m_NormalizedViewPortRect:
    serializedVersion: 2
    x: 0
    y: 0
    width: 1
    height: 1
  near clip plane: 0.3
  far clip plane: 1000
  field of view: 38
  orthographic: 1
  orthographic size: 1.0453582
  m_Depth: 0
  m_CullingMask:
    serializedVersion: 2
    m_Bits: 4294967295
  m_RenderingPath: -1
  m_TargetTexture: {fileID: 8400000, guid: bfe492f4599a5084e9c897c24e462cae, type: 2}
  m_TargetDisplay: 0
  m_TargetEye: 3
  m_HDR: 1
  m_AllowMSAA: 1
  m_AllowDynamicResolution: 0
  m_ForceIntoRT: 0
  m_OcclusionCulling: 1
  m_StereoConvergence: 10
  m_StereoSeparation: 0.022
--- !u!1 &7654804289598884319
GameObject:
  m_ObjectHideFlags: 0
  m_CorrespondingSourceObject: {fileID: 0}
  m_PrefabInstance: {fileID: 0}
  m_PrefabAsset: {fileID: 0}
  serializedVersion: 6
  m_Component:
  - component: {fileID: 7654804289598884316}
  - component: {fileID: 7654804289598884290}
  - component: {fileID: 7654804289598884317}
  m_Layer: 5
  m_Name: RawImage - Hero
  m_TagString: Untagged
  m_Icon: {fileID: 0}
  m_NavMeshLayer: 0
  m_StaticEditorFlags: 0
  m_IsActive: 1
--- !u!224 &7654804289598884316
RectTransform:
  m_ObjectHideFlags: 0
  m_CorrespondingSourceObject: {fileID: 0}
  m_PrefabInstance: {fileID: 0}
  m_PrefabAsset: {fileID: 0}
  m_GameObject: {fileID: 7654804289598884319}
  m_LocalRotation: {x: -0, y: -0, z: -0, w: 1}
  m_LocalPosition: {x: 0, y: 0, z: 0}
  m_LocalScale: {x: 1, y: 1, z: 1}
  m_Children: []
  m_Father: {fileID: 7654804290121584171}
  m_RootOrder: 2
  m_LocalEulerAnglesHint: {x: 0, y: 0, z: 0}
  m_AnchorMin: {x: 1, y: 0.5}
  m_AnchorMax: {x: 1, y: 0.5}
  m_AnchoredPosition: {x: -512, y: -1}
  m_SizeDelta: {x: 1536, y: 1024}
  m_Pivot: {x: 0.5, y: 0.5}
--- !u!222 &7654804289598884290
CanvasRenderer:
  m_ObjectHideFlags: 0
  m_CorrespondingSourceObject: {fileID: 0}
  m_PrefabInstance: {fileID: 0}
  m_PrefabAsset: {fileID: 0}
  m_GameObject: {fileID: 7654804289598884319}
  m_CullTransparentMesh: 1
--- !u!114 &7654804289598884317
MonoBehaviour:
  m_ObjectHideFlags: 0
  m_CorrespondingSourceObject: {fileID: 0}
  m_PrefabInstance: {fileID: 0}
  m_PrefabAsset: {fileID: 0}
  m_GameObject: {fileID: 7654804289598884319}
  m_Enabled: 1
  m_EditorHideFlags: 0
  m_Script: {fileID: 11500000, guid: 1344c3c82d62a2a41a3576d8abb8e3ea, type: 3}
  m_Name: 
  m_EditorClassIdentifier: 
  m_Material: {fileID: 0}
  m_Color: {r: 1, g: 1, b: 1, a: 1}
  m_RaycastTarget: 1
  m_RaycastPadding: {x: 0, y: 0, z: 0, w: 0}
  m_Maskable: 1
  m_OnCullStateChanged:
    m_PersistentCalls:
      m_Calls: []
  m_Texture: {fileID: 8400000, guid: bfe492f4599a5084e9c897c24e462cae, type: 2}
  m_UVRect:
    serializedVersion: 2
    x: 0
    y: 0
    width: 1
    height: 1
--- !u!1 &7654804290121584170
GameObject:
  m_ObjectHideFlags: 0
  m_CorrespondingSourceObject: {fileID: 0}
  m_PrefabInstance: {fileID: 0}
  m_PrefabAsset: {fileID: 0}
  serializedVersion: 6
  m_Component:
  - component: {fileID: 7654804290121584171}
  - component: {fileID: 7654804290121584169}
  - component: {fileID: 7654804290121584168}
  - component: {fileID: 2560285303634016047}
  - component: {fileID: 7654804290121584174}
  - component: {fileID: 896935657734699654}
  m_Layer: 5
  m_Name: Panel - SelectAnimation
  m_TagString: Untagged
  m_Icon: {fileID: 0}
  m_NavMeshLayer: 0
  m_StaticEditorFlags: 0
  m_IsActive: 1
--- !u!224 &7654804290121584171
RectTransform:
  m_ObjectHideFlags: 0
  m_CorrespondingSourceObject: {fileID: 0}
  m_PrefabInstance: {fileID: 0}
  m_PrefabAsset: {fileID: 0}
  m_GameObject: {fileID: 7654804290121584170}
  m_LocalRotation: {x: 0, y: 0, z: 0, w: 1}
  m_LocalPosition: {x: 0, y: 0, z: 0}
  m_LocalScale: {x: 1, y: 1, z: 1}
  m_Children:
  - {fileID: 7654804288615369142}
  - {fileID: 7654804289138814663}
  - {fileID: 7654804289598884316}
  - {fileID: 7654804289285466745}
  - {fileID: 7654804290353021916}
  - {fileID: 7561652555015999454}
  m_Father: {fileID: 0}
  m_RootOrder: 0
  m_LocalEulerAnglesHint: {x: 0, y: 0, z: 0}
  m_AnchorMin: {x: 0, y: 0}
  m_AnchorMax: {x: 1, y: 1}
  m_AnchoredPosition: {x: 0, y: 0}
  m_SizeDelta: {x: 0, y: 0}
  m_Pivot: {x: 0.5, y: 0.5}
--- !u!222 &7654804290121584169
CanvasRenderer:
  m_ObjectHideFlags: 0
  m_CorrespondingSourceObject: {fileID: 0}
  m_PrefabInstance: {fileID: 0}
  m_PrefabAsset: {fileID: 0}
  m_GameObject: {fileID: 7654804290121584170}
  m_CullTransparentMesh: 1
--- !u!114 &7654804290121584168
MonoBehaviour:
  m_ObjectHideFlags: 0
  m_CorrespondingSourceObject: {fileID: 0}
  m_PrefabInstance: {fileID: 0}
  m_PrefabAsset: {fileID: 0}
  m_GameObject: {fileID: 7654804290121584170}
  m_Enabled: 1
  m_EditorHideFlags: 0
  m_Script: {fileID: 11500000, guid: fe87c0e1cc204ed48ad3b37840f39efc, type: 3}
  m_Name: 
  m_EditorClassIdentifier: 
  m_Material: {fileID: 0}
  m_Color: {r: 1, g: 1, b: 1, a: 0.392}
  m_RaycastTarget: 1
  m_RaycastPadding: {x: 0, y: 0, z: 0, w: 0}
  m_Maskable: 1
  m_OnCullStateChanged:
    m_PersistentCalls:
      m_Calls: []
  m_Sprite: {fileID: 21300000, guid: b76b8b216adf64f4bbdb78f7977f0310, type: 3}
  m_Type: 0
  m_PreserveAspect: 0
  m_FillCenter: 1
  m_FillMethod: 4
  m_FillAmount: 1
  m_FillClockwise: 1
  m_FillOrigin: 0
  m_UseSpriteMesh: 0
  m_PixelsPerUnitMultiplier: 1
--- !u!82 &2560285303634016047
AudioSource:
  m_ObjectHideFlags: 0
  m_CorrespondingSourceObject: {fileID: 0}
  m_PrefabInstance: {fileID: 0}
  m_PrefabAsset: {fileID: 0}
  m_GameObject: {fileID: 7654804290121584170}
  m_Enabled: 1
  serializedVersion: 4
  OutputAudioMixerGroup: {fileID: 0}
  m_audioClip: {fileID: 0}
  m_PlayOnAwake: 1
  m_Volume: 1
  m_Pitch: 1
  Loop: 0
  Mute: 0
  Spatialize: 0
  SpatializePostEffects: 0
  Priority: 128
  DopplerLevel: 1
  MinDistance: 1
  MaxDistance: 500
  Pan2D: 0
  rolloffMode: 0
  BypassEffects: 0
  BypassListenerEffects: 0
  BypassReverbZones: 0
  rolloffCustomCurve:
    serializedVersion: 2
    m_Curve:
    - serializedVersion: 3
      time: 0
      value: 1
      inSlope: 0
      outSlope: 0
      tangentMode: 0
      weightedMode: 0
      inWeight: 0.33333334
      outWeight: 0.33333334
    - serializedVersion: 3
      time: 1
      value: 0
      inSlope: 0
      outSlope: 0
      tangentMode: 0
      weightedMode: 0
      inWeight: 0.33333334
      outWeight: 0.33333334
    m_PreInfinity: 2
    m_PostInfinity: 2
    m_RotationOrder: 4
  panLevelCustomCurve:
    serializedVersion: 2
    m_Curve:
    - serializedVersion: 3
      time: 0
      value: 0
      inSlope: 0
      outSlope: 0
      tangentMode: 0
      weightedMode: 0
      inWeight: 0.33333334
      outWeight: 0.33333334
    m_PreInfinity: 2
    m_PostInfinity: 2
    m_RotationOrder: 4
  spreadCustomCurve:
    serializedVersion: 2
    m_Curve:
    - serializedVersion: 3
      time: 0
      value: 0
      inSlope: 0
      outSlope: 0
      tangentMode: 0
      weightedMode: 0
      inWeight: 0.33333334
      outWeight: 0.33333334
    m_PreInfinity: 2
    m_PostInfinity: 2
    m_RotationOrder: 4
  reverbZoneMixCustomCurve:
    serializedVersion: 2
    m_Curve:
    - serializedVersion: 3
      time: 0
      value: 1
      inSlope: 0
      outSlope: 0
      tangentMode: 0
      weightedMode: 0
      inWeight: 0.33333334
      outWeight: 0.33333334
    m_PreInfinity: 2
    m_PostInfinity: 2
    m_RotationOrder: 4
--- !u!114 &7654804290121584174
MonoBehaviour:
  m_ObjectHideFlags: 0
  m_CorrespondingSourceObject: {fileID: 0}
  m_PrefabInstance: {fileID: 0}
  m_PrefabAsset: {fileID: 0}
  m_GameObject: {fileID: 7654804290121584170}
  m_Enabled: 1
  m_EditorHideFlags: 0
  m_Script: {fileID: 11500000, guid: 680a4f710fbafc74c80f0eb3fa9b0278, type: 3}
  m_Name: 
  m_EditorClassIdentifier: 
  playerController: {fileID: 7654804290353021917}
  audioController: {fileID: 896935657734699654}
  buttonAnimPrefab: {fileID: 6209201993421864941, guid: 521274c5dce36d54a905b48d3bd337bd, type: 3}
  buttonGrid: {fileID: 7654804289138814663}
  scriptableAnimations: {fileID: 11400000, guid: d5ed0afb106dc884c949badfd4b053b2, type: 2}
  buttonNext: {fileID: 7561652555015999453}
--- !u!114 &896935657734699654
MonoBehaviour:
  m_ObjectHideFlags: 0
  m_CorrespondingSourceObject: {fileID: 0}
  m_PrefabInstance: {fileID: 0}
  m_PrefabAsset: {fileID: 0}
  m_GameObject: {fileID: 7654804290121584170}
  m_Enabled: 1
  m_EditorHideFlags: 0
  m_Script: {fileID: 11500000, guid: 066ea3eeeb7c437448856ab719c166ef, type: 3}
  m_Name: 
  m_EditorClassIdentifier: 
  audioSource: {fileID: 2560285303634016047}
--- !u!1001 &3355244516373364060
PrefabInstance:
  m_ObjectHideFlags: 0
  serializedVersion: 2
  m_Modification:
    m_TransformParent: {fileID: 7654804290121584171}
    m_Modifications:
    - target: {fileID: 5071154279991150680, guid: 521274c5dce36d54a905b48d3bd337bd, type: 3}
      propertyPath: m_Text
      value: Next
      objectReference: {fileID: 0}
    - target: {fileID: 5071154280285975168, guid: 521274c5dce36d54a905b48d3bd337bd, type: 3}
      propertyPath: m_Color.b
      value: 0.16816235
      objectReference: {fileID: 0}
    - target: {fileID: 5071154280285975168, guid: 521274c5dce36d54a905b48d3bd337bd, type: 3}
      propertyPath: m_Color.r
      value: 0
      objectReference: {fileID: 0}
    - target: {fileID: 5071154280285975169, guid: 521274c5dce36d54a905b48d3bd337bd, type: 3}
      propertyPath: m_OnClick.m_PersistentCalls.m_Calls.Array.size
      value: 1
      objectReference: {fileID: 0}
    - target: {fileID: 5071154280285975169, guid: 521274c5dce36d54a905b48d3bd337bd, type: 3}
      propertyPath: m_OnClick.m_PersistentCalls.m_Calls.Array.data[0].m_Mode
      value: 1
      objectReference: {fileID: 0}
    - target: {fileID: 5071154280285975169, guid: 521274c5dce36d54a905b48d3bd337bd, type: 3}
      propertyPath: m_OnClick.m_PersistentCalls.m_Calls.Array.data[0].m_CallState
      value: 2
      objectReference: {fileID: 0}
    - target: {fileID: 5071154280285975169, guid: 521274c5dce36d54a905b48d3bd337bd, type: 3}
      propertyPath: m_OnClick.m_PersistentCalls.m_Calls.Array.data[0].m_MethodName
      value: PerformTransition
      objectReference: {fileID: 0}
    - target: {fileID: 5071154280285975169, guid: 521274c5dce36d54a905b48d3bd337bd, type: 3}
      propertyPath: m_OnClick.m_PersistentCalls.m_Calls.Array.data[0].m_TargetAssemblyTypeName
      value: SceneTransition, Assembly-CSharp
      objectReference: {fileID: 0}
    - target: {fileID: 5071154280285975169, guid: 521274c5dce36d54a905b48d3bd337bd, type: 3}
      propertyPath: m_OnClick.m_PersistentCalls.m_Calls.Array.data[0].m_Arguments.m_ObjectArgumentAssemblyTypeName
      value: UnityEngine.Object, UnityEngine
      objectReference: {fileID: 0}
    - target: {fileID: 5071154280285975170, guid: 521274c5dce36d54a905b48d3bd337bd, type: 3}
      propertyPath: m_Pivot.x
      value: 0.5
      objectReference: {fileID: 0}
    - target: {fileID: 5071154280285975170, guid: 521274c5dce36d54a905b48d3bd337bd, type: 3}
      propertyPath: m_Pivot.y
      value: 0.5
      objectReference: {fileID: 0}
    - target: {fileID: 5071154280285975170, guid: 521274c5dce36d54a905b48d3bd337bd, type: 3}
      propertyPath: m_RootOrder
      value: 5
      objectReference: {fileID: 0}
    - target: {fileID: 5071154280285975170, guid: 521274c5dce36d54a905b48d3bd337bd, type: 3}
      propertyPath: m_AnchorMax.x
      value: 0.5
      objectReference: {fileID: 0}
    - target: {fileID: 5071154280285975170, guid: 521274c5dce36d54a905b48d3bd337bd, type: 3}
      propertyPath: m_AnchorMax.y
      value: 0
      objectReference: {fileID: 0}
    - target: {fileID: 5071154280285975170, guid: 521274c5dce36d54a905b48d3bd337bd, type: 3}
      propertyPath: m_AnchorMin.x
      value: 0.5
      objectReference: {fileID: 0}
    - target: {fileID: 5071154280285975170, guid: 521274c5dce36d54a905b48d3bd337bd, type: 3}
      propertyPath: m_AnchorMin.y
      value: 0
      objectReference: {fileID: 0}
    - target: {fileID: 5071154280285975170, guid: 521274c5dce36d54a905b48d3bd337bd, type: 3}
      propertyPath: m_SizeDelta.x
      value: 305.99
      objectReference: {fileID: 0}
    - target: {fileID: 5071154280285975170, guid: 521274c5dce36d54a905b48d3bd337bd, type: 3}
      propertyPath: m_SizeDelta.y
      value: 172.4
      objectReference: {fileID: 0}
    - target: {fileID: 5071154280285975170, guid: 521274c5dce36d54a905b48d3bd337bd, type: 3}
      propertyPath: m_LocalPosition.x
      value: 0
      objectReference: {fileID: 0}
    - target: {fileID: 5071154280285975170, guid: 521274c5dce36d54a905b48d3bd337bd, type: 3}
      propertyPath: m_LocalPosition.y
      value: 0
      objectReference: {fileID: 0}
    - target: {fileID: 5071154280285975170, guid: 521274c5dce36d54a905b48d3bd337bd, type: 3}
      propertyPath: m_LocalPosition.z
      value: 0
      objectReference: {fileID: 0}
    - target: {fileID: 5071154280285975170, guid: 521274c5dce36d54a905b48d3bd337bd, type: 3}
      propertyPath: m_LocalRotation.w
      value: 1
      objectReference: {fileID: 0}
    - target: {fileID: 5071154280285975170, guid: 521274c5dce36d54a905b48d3bd337bd, type: 3}
      propertyPath: m_LocalRotation.x
      value: -0
      objectReference: {fileID: 0}
    - target: {fileID: 5071154280285975170, guid: 521274c5dce36d54a905b48d3bd337bd, type: 3}
      propertyPath: m_LocalRotation.y
      value: -0
      objectReference: {fileID: 0}
    - target: {fileID: 5071154280285975170, guid: 521274c5dce36d54a905b48d3bd337bd, type: 3}
      propertyPath: m_LocalRotation.z
      value: -0
      objectReference: {fileID: 0}
    - target: {fileID: 5071154280285975170, guid: 521274c5dce36d54a905b48d3bd337bd, type: 3}
      propertyPath: m_AnchoredPosition.x
      value: 0
      objectReference: {fileID: 0}
    - target: {fileID: 5071154280285975170, guid: 521274c5dce36d54a905b48d3bd337bd, type: 3}
      propertyPath: m_AnchoredPosition.y
      value: 87
      objectReference: {fileID: 0}
    - target: {fileID: 5071154280285975170, guid: 521274c5dce36d54a905b48d3bd337bd, type: 3}
      propertyPath: m_LocalEulerAnglesHint.x
      value: 0
      objectReference: {fileID: 0}
    - target: {fileID: 5071154280285975170, guid: 521274c5dce36d54a905b48d3bd337bd, type: 3}
      propertyPath: m_LocalEulerAnglesHint.y
      value: 0
      objectReference: {fileID: 0}
    - target: {fileID: 5071154280285975170, guid: 521274c5dce36d54a905b48d3bd337bd, type: 3}
      propertyPath: m_LocalEulerAnglesHint.z
      value: 0
      objectReference: {fileID: 0}
    - target: {fileID: 5071154280285975171, guid: 521274c5dce36d54a905b48d3bd337bd, type: 3}
      propertyPath: m_Name
      value: Button - Next
      objectReference: {fileID: 0}
    - target: {fileID: 5071154280285975171, guid: 521274c5dce36d54a905b48d3bd337bd, type: 3}
      propertyPath: m_IsActive
      value: 0
      objectReference: {fileID: 0}
    m_RemovedComponents: []
  m_SourcePrefab: {fileID: 100100000, guid: 521274c5dce36d54a905b48d3bd337bd, type: 3}
--- !u!224 &7561652555015999454 stripped
RectTransform:
  m_CorrespondingSourceObject: {fileID: 5071154280285975170, guid: 521274c5dce36d54a905b48d3bd337bd, type: 3}
  m_PrefabInstance: {fileID: 3355244516373364060}
  m_PrefabAsset: {fileID: 0}
--- !u!114 &7561652555015999453 stripped
MonoBehaviour:
  m_CorrespondingSourceObject: {fileID: 5071154280285975169, guid: 521274c5dce36d54a905b48d3bd337bd, type: 3}
  m_PrefabInstance: {fileID: 3355244516373364060}
  m_PrefabAsset: {fileID: 0}
  m_GameObject: {fileID: 0}
  m_Enabled: 1
  m_EditorHideFlags: 0
  m_Script: {fileID: 11500000, guid: 4e29b1a8efbd4b44bb3f3716e73f07ff, type: 3}
  m_Name: 
  m_EditorClassIdentifier: 
--- !u!1001 &9216746530316134440
PrefabInstance:
  m_ObjectHideFlags: 0
  serializedVersion: 2
  m_Modification:
    m_TransformParent: {fileID: 7654804290121584171}
    m_Modifications:
    - target: {fileID: 1572642280962872986, guid: 4804024eb40433a4db74e65c6fc72efe, type: 3}
      propertyPath: m_LocalEulerAnglesHint.x
      value: 0.22159535
      objectReference: {fileID: 0}
    - target: {fileID: 1572642280962872986, guid: 4804024eb40433a4db74e65c6fc72efe, type: 3}
      propertyPath: m_LocalEulerAnglesHint.y
      value: -0.0000005860594
      objectReference: {fileID: 0}
    - target: {fileID: 1572642280962872986, guid: 4804024eb40433a4db74e65c6fc72efe, type: 3}
      propertyPath: m_LocalEulerAnglesHint.z
      value: 0.000007378613
      objectReference: {fileID: 0}
    - target: {fileID: 1572642280970163891, guid: 4804024eb40433a4db74e65c6fc72efe, type: 3}
      propertyPath: m_LocalEulerAnglesHint.x
      value: 0.12597944
      objectReference: {fileID: 0}
    - target: {fileID: 1572642280970163891, guid: 4804024eb40433a4db74e65c6fc72efe, type: 3}
      propertyPath: m_LocalEulerAnglesHint.y
      value: 1.3142668
      objectReference: {fileID: 0}
    - target: {fileID: 1572642280970163891, guid: 4804024eb40433a4db74e65c6fc72efe, type: 3}
      propertyPath: m_LocalEulerAnglesHint.z
      value: -10.950496
      objectReference: {fileID: 0}
    - target: {fileID: 1572642281001411733, guid: 4804024eb40433a4db74e65c6fc72efe, type: 3}
      propertyPath: m_LocalEulerAnglesHint.x
      value: 0.22524142
      objectReference: {fileID: 0}
    - target: {fileID: 1572642281001411733, guid: 4804024eb40433a4db74e65c6fc72efe, type: 3}
      propertyPath: m_LocalEulerAnglesHint.y
      value: 1.4043584
      objectReference: {fileID: 0}
    - target: {fileID: 1572642281001411733, guid: 4804024eb40433a4db74e65c6fc72efe, type: 3}
      propertyPath: m_LocalEulerAnglesHint.z
      value: -11.669513
      objectReference: {fileID: 0}
    - target: {fileID: 1572642281067756652, guid: 4804024eb40433a4db74e65c6fc72efe, type: 3}
      propertyPath: m_LocalEulerAnglesHint.x
      value: 0.17949991
      objectReference: {fileID: 0}
    - target: {fileID: 1572642281067756652, guid: 4804024eb40433a4db74e65c6fc72efe, type: 3}
      propertyPath: m_LocalEulerAnglesHint.y
      value: 1.2380322
      objectReference: {fileID: 0}
    - target: {fileID: 1572642281067756652, guid: 4804024eb40433a4db74e65c6fc72efe, type: 3}
      propertyPath: m_LocalEulerAnglesHint.z
      value: -10.261664
      objectReference: {fileID: 0}
    - target: {fileID: 1572642281074574848, guid: 4804024eb40433a4db74e65c6fc72efe, type: 3}
      propertyPath: m_LocalEulerAnglesHint.x
      value: 4.1509748
      objectReference: {fileID: 0}
    - target: {fileID: 1572642281074574848, guid: 4804024eb40433a4db74e65c6fc72efe, type: 3}
      propertyPath: m_LocalEulerAnglesHint.y
      value: -95.036156
      objectReference: {fileID: 0}
    - target: {fileID: 1572642281074574848, guid: 4804024eb40433a4db74e65c6fc72efe, type: 3}
      propertyPath: m_LocalEulerAnglesHint.z
      value: -0.35891083
      objectReference: {fileID: 0}
    - target: {fileID: 1572642281124175663, guid: 4804024eb40433a4db74e65c6fc72efe, type: 3}
      propertyPath: m_LocalEulerAnglesHint.x
      value: 0.00007373741
      objectReference: {fileID: 0}
    - target: {fileID: 1572642281124175663, guid: 4804024eb40433a4db74e65c6fc72efe, type: 3}
      propertyPath: m_LocalEulerAnglesHint.y
      value: -0.03122803
      objectReference: {fileID: 0}
    - target: {fileID: 1572642281124175663, guid: 4804024eb40433a4db74e65c6fc72efe, type: 3}
      propertyPath: m_LocalEulerAnglesHint.z
      value: 0.2586057
      objectReference: {fileID: 0}
    - target: {fileID: 1572642281201072741, guid: 4804024eb40433a4db74e65c6fc72efe, type: 3}
      propertyPath: m_LocalEulerAnglesHint.x
      value: 1.7722288
      objectReference: {fileID: 0}
    - target: {fileID: 1572642281201072741, guid: 4804024eb40433a4db74e65c6fc72efe, type: 3}
      propertyPath: m_LocalEulerAnglesHint.y
      value: 8.839177
      objectReference: {fileID: 0}
    - target: {fileID: 1572642281201072741, guid: 4804024eb40433a4db74e65c6fc72efe, type: 3}
      propertyPath: m_LocalEulerAnglesHint.z
      value: 4.446277
      objectReference: {fileID: 0}
    - target: {fileID: 1572642281224055230, guid: 4804024eb40433a4db74e65c6fc72efe, type: 3}
      propertyPath: m_LocalEulerAnglesHint.x
      value: 0.13212916
      objectReference: {fileID: 0}
    - target: {fileID: 1572642281224055230, guid: 4804024eb40433a4db74e65c6fc72efe, type: 3}
      propertyPath: m_LocalEulerAnglesHint.y
      value: 1.0771003
      objectReference: {fileID: 0}
    - target: {fileID: 1572642281224055230, guid: 4804024eb40433a4db74e65c6fc72efe, type: 3}
      propertyPath: m_LocalEulerAnglesHint.z
      value: -8.872888
      objectReference: {fileID: 0}
    - target: {fileID: 1572642281241459977, guid: 4804024eb40433a4db74e65c6fc72efe, type: 3}
      propertyPath: m_LocalEulerAnglesHint.x
      value: -22.58066
      objectReference: {fileID: 0}
    - target: {fileID: 1572642281241459977, guid: 4804024eb40433a4db74e65c6fc72efe, type: 3}
      propertyPath: m_LocalEulerAnglesHint.y
      value: 3.3725846
      objectReference: {fileID: 0}
    - target: {fileID: 1572642281241459977, guid: 4804024eb40433a4db74e65c6fc72efe, type: 3}
      propertyPath: m_LocalEulerAnglesHint.z
      value: -13.219867
      objectReference: {fileID: 0}
    - target: {fileID: 1572642281372615096, guid: 4804024eb40433a4db74e65c6fc72efe, type: 3}
      propertyPath: m_LocalEulerAnglesHint.x
      value: 0.2232489
      objectReference: {fileID: 0}
    - target: {fileID: 1572642281372615096, guid: 4804024eb40433a4db74e65c6fc72efe, type: 3}
      propertyPath: m_LocalEulerAnglesHint.y
      value: 1.397077
      objectReference: {fileID: 0}
    - target: {fileID: 1572642281372615096, guid: 4804024eb40433a4db74e65c6fc72efe, type: 3}
      propertyPath: m_LocalEulerAnglesHint.z
      value: -11.585338
      objectReference: {fileID: 0}
    - target: {fileID: 1572642281388029122, guid: 4804024eb40433a4db74e65c6fc72efe, type: 3}
      propertyPath: m_LocalEulerAnglesHint.x
      value: 0.884003
      objectReference: {fileID: 0}
    - target: {fileID: 1572642281388029122, guid: 4804024eb40433a4db74e65c6fc72efe, type: 3}
      propertyPath: m_LocalEulerAnglesHint.y
      value: -7.7622476
      objectReference: {fileID: 0}
    - target: {fileID: 1572642281388029122, guid: 4804024eb40433a4db74e65c6fc72efe, type: 3}
      propertyPath: m_LocalEulerAnglesHint.z
      value: -2.193795
      objectReference: {fileID: 0}
    - target: {fileID: 1572642281454791342, guid: 4804024eb40433a4db74e65c6fc72efe, type: 3}
      propertyPath: m_LocalEulerAnglesHint.x
      value: -2.5668669
      objectReference: {fileID: 0}
    - target: {fileID: 1572642281454791342, guid: 4804024eb40433a4db74e65c6fc72efe, type: 3}
      propertyPath: m_LocalEulerAnglesHint.y
      value: -39.131084
      objectReference: {fileID: 0}
    - target: {fileID: 1572642281454791342, guid: 4804024eb40433a4db74e65c6fc72efe, type: 3}
      propertyPath: m_LocalEulerAnglesHint.z
      value: -45.45743
      objectReference: {fileID: 0}
    - target: {fileID: 1572642281471265812, guid: 4804024eb40433a4db74e65c6fc72efe, type: 3}
      propertyPath: m_LocalEulerAnglesHint.x
      value: 2.5300562
      objectReference: {fileID: 0}
    - target: {fileID: 1572642281471265812, guid: 4804024eb40433a4db74e65c6fc72efe, type: 3}
      propertyPath: m_LocalEulerAnglesHint.y
      value: -8.043637
      objectReference: {fileID: 0}
    - target: {fileID: 1572642281471265812, guid: 4804024eb40433a4db74e65c6fc72efe, type: 3}
      propertyPath: m_LocalEulerAnglesHint.z
      value: -3.1264496
      objectReference: {fileID: 0}
    - target: {fileID: 1572642281541119090, guid: 4804024eb40433a4db74e65c6fc72efe, type: 3}
      propertyPath: m_LocalEulerAnglesHint.x
      value: -0.008963725
      objectReference: {fileID: 0}
    - target: {fileID: 1572642281541119090, guid: 4804024eb40433a4db74e65c6fc72efe, type: 3}
      propertyPath: m_LocalEulerAnglesHint.y
      value: 0.03379406
      objectReference: {fileID: 0}
    - target: {fileID: 1572642281541119090, guid: 4804024eb40433a4db74e65c6fc72efe, type: 3}
      propertyPath: m_LocalEulerAnglesHint.z
      value: -0.28440058
      objectReference: {fileID: 0}
    - target: {fileID: 1572642281634876964, guid: 4804024eb40433a4db74e65c6fc72efe, type: 3}
      propertyPath: m_LocalEulerAnglesHint.x
      value: 9.594469
      objectReference: {fileID: 0}
    - target: {fileID: 1572642281634876964, guid: 4804024eb40433a4db74e65c6fc72efe, type: 3}
      propertyPath: m_LocalEulerAnglesHint.y
      value: -0.1401846
      objectReference: {fileID: 0}
    - target: {fileID: 1572642281634876964, guid: 4804024eb40433a4db74e65c6fc72efe, type: 3}
      propertyPath: m_LocalEulerAnglesHint.z
      value: -1.1562591
      objectReference: {fileID: 0}
    - target: {fileID: 1572642281651853343, guid: 4804024eb40433a4db74e65c6fc72efe, type: 3}
      propertyPath: m_LocalEulerAnglesHint.x
      value: 0.1167862
      objectReference: {fileID: 0}
    - target: {fileID: 1572642281651853343, guid: 4804024eb40433a4db74e65c6fc72efe, type: 3}
      propertyPath: m_LocalEulerAnglesHint.y
      value: 0.91678447
      objectReference: {fileID: 0}
    - target: {fileID: 1572642281651853343, guid: 4804024eb40433a4db74e65c6fc72efe, type: 3}
      propertyPath: m_LocalEulerAnglesHint.z
      value: -7.570141
      objectReference: {fileID: 0}
    - target: {fileID: 1572642281698982463, guid: 4804024eb40433a4db74e65c6fc72efe, type: 3}
      propertyPath: m_LocalEulerAnglesHint.x
      value: -0.07879835
      objectReference: {fileID: 0}
    - target: {fileID: 1572642281698982463, guid: 4804024eb40433a4db74e65c6fc72efe, type: 3}
      propertyPath: m_LocalEulerAnglesHint.y
      value: 3.110556
      objectReference: {fileID: 0}
    - target: {fileID: 1572642281698982463, guid: 4804024eb40433a4db74e65c6fc72efe, type: 3}
      propertyPath: m_LocalEulerAnglesHint.z
      value: 2.7938447
      objectReference: {fileID: 0}
    - target: {fileID: 1572642281710673803, guid: 4804024eb40433a4db74e65c6fc72efe, type: 3}
      propertyPath: m_LocalEulerAnglesHint.x
      value: 1.6115046
      objectReference: {fileID: 0}
    - target: {fileID: 1572642281710673803, guid: 4804024eb40433a4db74e65c6fc72efe, type: 3}
      propertyPath: m_LocalEulerAnglesHint.y
      value: 22.497341
      objectReference: {fileID: 0}
    - target: {fileID: 1572642281710673803, guid: 4804024eb40433a4db74e65c6fc72efe, type: 3}
      propertyPath: m_LocalEulerAnglesHint.z
      value: -3.8687346
      objectReference: {fileID: 0}
    - target: {fileID: 1572642281746997153, guid: 4804024eb40433a4db74e65c6fc72efe, type: 3}
      propertyPath: m_LocalEulerAnglesHint.x
      value: 0.12645678
      objectReference: {fileID: 0}
    - target: {fileID: 1572642281746997153, guid: 4804024eb40433a4db74e65c6fc72efe, type: 3}
      propertyPath: m_LocalEulerAnglesHint.y
      value: 1.3166964
      objectReference: {fileID: 0}
    - target: {fileID: 1572642281746997153, guid: 4804024eb40433a4db74e65c6fc72efe, type: 3}
      propertyPath: m_LocalEulerAnglesHint.z
      value: -10.971149
      objectReference: {fileID: 0}
    - target: {fileID: 1572642281849804509, guid: 4804024eb40433a4db74e65c6fc72efe, type: 3}
      propertyPath: m_LocalEulerAnglesHint.x
      value: -0.004244324
      objectReference: {fileID: 0}
    - target: {fileID: 1572642281849804509, guid: 4804024eb40433a4db74e65c6fc72efe, type: 3}
      propertyPath: m_LocalEulerAnglesHint.y
      value: -0.07705063
      objectReference: {fileID: 0}
    - target: {fileID: 1572642281849804509, guid: 4804024eb40433a4db74e65c6fc72efe, type: 3}
      propertyPath: m_LocalEulerAnglesHint.z
      value: 0.6356451
      objectReference: {fileID: 0}
    - target: {fileID: 1572642281892621082, guid: 4804024eb40433a4db74e65c6fc72efe, type: 3}
      propertyPath: m_LocalEulerAnglesHint.x
      value: -0.021032102
      objectReference: {fileID: 0}
    - target: {fileID: 1572642281892621082, guid: 4804024eb40433a4db74e65c6fc72efe, type: 3}
      propertyPath: m_LocalEulerAnglesHint.y
      value: 4.0044527
      objectReference: {fileID: 0}
    - target: {fileID: 1572642281892621082, guid: 4804024eb40433a4db74e65c6fc72efe, type: 3}
      propertyPath: m_LocalEulerAnglesHint.z
      value: 0.92042935
      objectReference: {fileID: 0}
    - target: {fileID: 1572642281981551158, guid: 4804024eb40433a4db74e65c6fc72efe, type: 3}
      propertyPath: m_LocalEulerAnglesHint.x
      value: 4.784267
      objectReference: {fileID: 0}
    - target: {fileID: 1572642281981551158, guid: 4804024eb40433a4db74e65c6fc72efe, type: 3}
      propertyPath: m_LocalEulerAnglesHint.y
      value: -1.3137575
      objectReference: {fileID: 0}
    - target: {fileID: 1572642281981551158, guid: 4804024eb40433a4db74e65c6fc72efe, type: 3}
      propertyPath: m_LocalEulerAnglesHint.z
      value: 2.9311457
      objectReference: {fileID: 0}
    - target: {fileID: 1572642282023679116, guid: 4804024eb40433a4db74e65c6fc72efe, type: 3}
      propertyPath: m_LocalEulerAnglesHint.x
      value: 0.00022966984
      objectReference: {fileID: 0}
    - target: {fileID: 1572642282023679116, guid: 4804024eb40433a4db74e65c6fc72efe, type: 3}
      propertyPath: m_LocalEulerAnglesHint.y
      value: -0.056349438
      objectReference: {fileID: 0}
    - target: {fileID: 1572642282023679116, guid: 4804024eb40433a4db74e65c6fc72efe, type: 3}
      propertyPath: m_LocalEulerAnglesHint.z
      value: 0.4668021
      objectReference: {fileID: 0}
    - target: {fileID: 1572642282050115061, guid: 4804024eb40433a4db74e65c6fc72efe, type: 3}
      propertyPath: m_LocalEulerAnglesHint.x
      value: 0.000043051714
      objectReference: {fileID: 0}
    - target: {fileID: 1572642282050115061, guid: 4804024eb40433a4db74e65c6fc72efe, type: 3}
      propertyPath: m_LocalEulerAnglesHint.y
      value: 0.02469948
      objectReference: {fileID: 0}
    - target: {fileID: 1572642282050115061, guid: 4804024eb40433a4db74e65c6fc72efe, type: 3}
      propertyPath: m_LocalEulerAnglesHint.z
      value: -0.20459916
      objectReference: {fileID: 0}
    - target: {fileID: 1572642282074667108, guid: 4804024eb40433a4db74e65c6fc72efe, type: 3}
      propertyPath: m_LocalEulerAnglesHint.x
      value: -0.6149301
      objectReference: {fileID: 0}
    - target: {fileID: 1572642282074667108, guid: 4804024eb40433a4db74e65c6fc72efe, type: 3}
      propertyPath: m_LocalEulerAnglesHint.y
      value: -3.6151054
      objectReference: {fileID: 0}
    - target: {fileID: 1572642282074667108, guid: 4804024eb40433a4db74e65c6fc72efe, type: 3}
      propertyPath: m_LocalEulerAnglesHint.z
      value: -9.266644
      objectReference: {fileID: 0}
    - target: {fileID: 1572642282081223840, guid: 4804024eb40433a4db74e65c6fc72efe, type: 3}
      propertyPath: m_LocalEulerAnglesHint.x
      value: 0.000010376716
      objectReference: {fileID: 0}
    - target: {fileID: 1572642282081223840, guid: 4804024eb40433a4db74e65c6fc72efe, type: 3}
      propertyPath: m_LocalEulerAnglesHint.y
      value: 0.010452612
      objectReference: {fileID: 0}
    - target: {fileID: 1572642282081223840, guid: 4804024eb40433a4db74e65c6fc72efe, type: 3}
      propertyPath: m_LocalEulerAnglesHint.z
      value: -0.08663046
      objectReference: {fileID: 0}
    - target: {fileID: 1572642282095321968, guid: 4804024eb40433a4db74e65c6fc72efe, type: 3}
      propertyPath: m_LocalEulerAnglesHint.x
      value: -0.66778195
      objectReference: {fileID: 0}
    - target: {fileID: 1572642282095321968, guid: 4804024eb40433a4db74e65c6fc72efe, type: 3}
      propertyPath: m_LocalEulerAnglesHint.y
      value: -2.645072
      objectReference: {fileID: 0}
    - target: {fileID: 1572642282095321968, guid: 4804024eb40433a4db74e65c6fc72efe, type: 3}
      propertyPath: m_LocalEulerAnglesHint.z
      value: -11.576716
      objectReference: {fileID: 0}
    - target: {fileID: 1572642282106911722, guid: 4804024eb40433a4db74e65c6fc72efe, type: 3}
      propertyPath: m_LocalEulerAnglesHint.x
      value: 0.26208147
      objectReference: {fileID: 0}
    - target: {fileID: 1572642282106911722, guid: 4804024eb40433a4db74e65c6fc72efe, type: 3}
      propertyPath: m_LocalEulerAnglesHint.y
      value: 1.555744
      objectReference: {fileID: 0}
    - target: {fileID: 1572642282106911722, guid: 4804024eb40433a4db74e65c6fc72efe, type: 3}
      propertyPath: m_LocalEulerAnglesHint.z
      value: -12.923818
      objectReference: {fileID: 0}
    - target: {fileID: 1572642282241831961, guid: 4804024eb40433a4db74e65c6fc72efe, type: 3}
      propertyPath: m_LocalEulerAnglesHint.x
      value: -16.340515
      objectReference: {fileID: 0}
    - target: {fileID: 1572642282241831961, guid: 4804024eb40433a4db74e65c6fc72efe, type: 3}
      propertyPath: m_LocalEulerAnglesHint.y
      value: -2.7216446
      objectReference: {fileID: 0}
    - target: {fileID: 1572642282241831961, guid: 4804024eb40433a4db74e65c6fc72efe, type: 3}
      propertyPath: m_LocalEulerAnglesHint.z
      value: 5.773124
      objectReference: {fileID: 0}
    - target: {fileID: 1572642282247719975, guid: 4804024eb40433a4db74e65c6fc72efe, type: 3}
      propertyPath: m_LocalEulerAnglesHint.x
      value: 45.301487
      objectReference: {fileID: 0}
    - target: {fileID: 1572642282247719975, guid: 4804024eb40433a4db74e65c6fc72efe, type: 3}
      propertyPath: m_LocalEulerAnglesHint.y
      value: -10.9148855
      objectReference: {fileID: 0}
    - target: {fileID: 1572642282247719975, guid: 4804024eb40433a4db74e65c6fc72efe, type: 3}
      propertyPath: m_LocalEulerAnglesHint.z
      value: -25.736958
      objectReference: {fileID: 0}
    - target: {fileID: 1572642282270390213, guid: 4804024eb40433a4db74e65c6fc72efe, type: 3}
      propertyPath: m_LocalEulerAnglesHint.x
      value: 0.24204382
      objectReference: {fileID: 0}
    - target: {fileID: 1572642282270390213, guid: 4804024eb40433a4db74e65c6fc72efe, type: 3}
      propertyPath: m_LocalEulerAnglesHint.y
      value: 1.4491823
      objectReference: {fileID: 0}
    - target: {fileID: 1572642282270390213, guid: 4804024eb40433a4db74e65c6fc72efe, type: 3}
      propertyPath: m_LocalEulerAnglesHint.z
      value: -12.060962
      objectReference: {fileID: 0}
    - target: {fileID: 1572642282428922915, guid: 4804024eb40433a4db74e65c6fc72efe, type: 3}
      propertyPath: m_LocalEulerAnglesHint.x
      value: 0.15152031
      objectReference: {fileID: 0}
    - target: {fileID: 1572642282428922915, guid: 4804024eb40433a4db74e65c6fc72efe, type: 3}
      propertyPath: m_LocalEulerAnglesHint.y
      value: 1.0837193
      objectReference: {fileID: 0}
    - target: {fileID: 1572642282428922915, guid: 4804024eb40433a4db74e65c6fc72efe, type: 3}
      propertyPath: m_LocalEulerAnglesHint.z
      value: -8.969337
      objectReference: {fileID: 0}
    - target: {fileID: 1572642282460298956, guid: 4804024eb40433a4db74e65c6fc72efe, type: 3}
      propertyPath: m_LocalEulerAnglesHint.x
      value: -4.818187
      objectReference: {fileID: 0}
    - target: {fileID: 1572642282460298956, guid: 4804024eb40433a4db74e65c6fc72efe, type: 3}
      propertyPath: m_LocalEulerAnglesHint.y
      value: 0.000011471223
      objectReference: {fileID: 0}
    - target: {fileID: 1572642282460298956, guid: 4804024eb40433a4db74e65c6fc72efe, type: 3}
      propertyPath: m_LocalEulerAnglesHint.z
      value: -0.0000014185581
      objectReference: {fileID: 0}
    - target: {fileID: 1572642282492180766, guid: 4804024eb40433a4db74e65c6fc72efe, type: 3}
      propertyPath: m_LocalEulerAnglesHint.x
      value: -0.97409475
      objectReference: {fileID: 0}
    - target: {fileID: 1572642282492180766, guid: 4804024eb40433a4db74e65c6fc72efe, type: 3}
      propertyPath: m_LocalEulerAnglesHint.y
      value: 1.739789
      objectReference: {fileID: 0}
    - target: {fileID: 1572642282492180766, guid: 4804024eb40433a4db74e65c6fc72efe, type: 3}
      propertyPath: m_LocalEulerAnglesHint.z
      value: -0.14165644
      objectReference: {fileID: 0}
    - target: {fileID: 1572642282511637284, guid: 4804024eb40433a4db74e65c6fc72efe, type: 3}
      propertyPath: m_LocalEulerAnglesHint.x
      value: -40.601513
      objectReference: {fileID: 0}
    - target: {fileID: 1572642282511637284, guid: 4804024eb40433a4db74e65c6fc72efe, type: 3}
      propertyPath: m_LocalEulerAnglesHint.y
      value: 56.79276
      objectReference: {fileID: 0}
    - target: {fileID: 1572642282511637284, guid: 4804024eb40433a4db74e65c6fc72efe, type: 3}
      propertyPath: m_LocalEulerAnglesHint.z
      value: 11.645006
      objectReference: {fileID: 0}
    - target: {fileID: 1572642282524182261, guid: 4804024eb40433a4db74e65c6fc72efe, type: 3}
      propertyPath: m_LocalEulerAnglesHint.x
      value: 0.12661067
      objectReference: {fileID: 0}
    - target: {fileID: 1572642282524182261, guid: 4804024eb40433a4db74e65c6fc72efe, type: 3}
      propertyPath: m_LocalEulerAnglesHint.y
      value: 1.3174871
      objectReference: {fileID: 0}
    - target: {fileID: 1572642282524182261, guid: 4804024eb40433a4db74e65c6fc72efe, type: 3}
      propertyPath: m_LocalEulerAnglesHint.z
      value: -10.977867
      objectReference: {fileID: 0}
    - target: {fileID: 1572642282573733242, guid: 4804024eb40433a4db74e65c6fc72efe, type: 3}
      propertyPath: m_LocalEulerAnglesHint.x
      value: 41.468937
      objectReference: {fileID: 0}
    - target: {fileID: 1572642282573733242, guid: 4804024eb40433a4db74e65c6fc72efe, type: 3}
      propertyPath: m_LocalEulerAnglesHint.y
      value: -3.4448586
      objectReference: {fileID: 0}
    - target: {fileID: 1572642282573733242, guid: 4804024eb40433a4db74e65c6fc72efe, type: 3}
      propertyPath: m_LocalEulerAnglesHint.z
      value: 3.6001325
      objectReference: {fileID: 0}
    - target: {fileID: 1572642282608185153, guid: 4804024eb40433a4db74e65c6fc72efe, type: 3}
      propertyPath: m_LocalEulerAnglesHint.x
      value: 39.29414
      objectReference: {fileID: 0}
    - target: {fileID: 1572642282608185153, guid: 4804024eb40433a4db74e65c6fc72efe, type: 3}
      propertyPath: m_LocalEulerAnglesHint.y
      value: -11.954742
      objectReference: {fileID: 0}
    - target: {fileID: 1572642282608185153, guid: 4804024eb40433a4db74e65c6fc72efe, type: 3}
      propertyPath: m_LocalEulerAnglesHint.z
      value: -9.633207
      objectReference: {fileID: 0}
    - target: {fileID: 1572642282628718873, guid: 4804024eb40433a4db74e65c6fc72efe, type: 3}
      propertyPath: m_LocalEulerAnglesHint.x
      value: -0.41260606
      objectReference: {fileID: 0}
    - target: {fileID: 1572642282628718873, guid: 4804024eb40433a4db74e65c6fc72efe, type: 3}
      propertyPath: m_LocalEulerAnglesHint.y
      value: 22.960754
      objectReference: {fileID: 0}
    - target: {fileID: 1572642282628718873, guid: 4804024eb40433a4db74e65c6fc72efe, type: 3}
      propertyPath: m_LocalEulerAnglesHint.z
      value: 4.7867723
      objectReference: {fileID: 0}
    - target: {fileID: 1572642282703406820, guid: 4804024eb40433a4db74e65c6fc72efe, type: 3}
      propertyPath: m_LocalEulerAnglesHint.x
      value: 9.6155205
      objectReference: {fileID: 0}
    - target: {fileID: 1572642282703406820, guid: 4804024eb40433a4db74e65c6fc72efe, type: 3}
      propertyPath: m_LocalEulerAnglesHint.y
      value: -0.18365362
      objectReference: {fileID: 0}
    - target: {fileID: 1572642282703406820, guid: 4804024eb40433a4db74e65c6fc72efe, type: 3}
      propertyPath: m_LocalEulerAnglesHint.z
      value: -1.1382487
      objectReference: {fileID: 0}
    - target: {fileID: 1572642282713094584, guid: 4804024eb40433a4db74e65c6fc72efe, type: 3}
      propertyPath: m_LocalEulerAnglesHint.x
      value: -2.4245646
      objectReference: {fileID: 0}
    - target: {fileID: 1572642282713094584, guid: 4804024eb40433a4db74e65c6fc72efe, type: 3}
      propertyPath: m_LocalEulerAnglesHint.y
      value: -15.079516
      objectReference: {fileID: 0}
    - target: {fileID: 1572642282713094584, guid: 4804024eb40433a4db74e65c6fc72efe, type: 3}
      propertyPath: m_LocalEulerAnglesHint.z
      value: -8.6847725
      objectReference: {fileID: 0}
    - target: {fileID: 1572642282734295274, guid: 4804024eb40433a4db74e65c6fc72efe, type: 3}
      propertyPath: m_LocalEulerAnglesHint.x
      value: -1.2648351
      objectReference: {fileID: 0}
    - target: {fileID: 1572642282734295274, guid: 4804024eb40433a4db74e65c6fc72efe, type: 3}
      propertyPath: m_LocalEulerAnglesHint.y
      value: -0.14706524
      objectReference: {fileID: 0}
    - target: {fileID: 1572642282734295274, guid: 4804024eb40433a4db74e65c6fc72efe, type: 3}
      propertyPath: m_LocalEulerAnglesHint.z
      value: 2.1034315
      objectReference: {fileID: 0}
    - target: {fileID: 1572642282842975763, guid: 4804024eb40433a4db74e65c6fc72efe, type: 3}
      propertyPath: m_LocalEulerAnglesHint.x
      value: 8.212405
      objectReference: {fileID: 0}
    - target: {fileID: 1572642282842975763, guid: 4804024eb40433a4db74e65c6fc72efe, type: 3}
      propertyPath: m_LocalEulerAnglesHint.y
      value: -1.5394359
      objectReference: {fileID: 0}
    - target: {fileID: 1572642282842975763, guid: 4804024eb40433a4db74e65c6fc72efe, type: 3}
      propertyPath: m_LocalEulerAnglesHint.z
      value: -8.379526
      objectReference: {fileID: 0}
    - target: {fileID: 1572642282871691133, guid: 4804024eb40433a4db74e65c6fc72efe, type: 3}
      propertyPath: m_LocalEulerAnglesHint.x
      value: 1.0339677
      objectReference: {fileID: 0}
    - target: {fileID: 1572642282871691133, guid: 4804024eb40433a4db74e65c6fc72efe, type: 3}
      propertyPath: m_LocalEulerAnglesHint.y
      value: 6.201607
      objectReference: {fileID: 0}
    - target: {fileID: 1572642282871691133, guid: 4804024eb40433a4db74e65c6fc72efe, type: 3}
      propertyPath: m_LocalEulerAnglesHint.z
      value: -8.624458
      objectReference: {fileID: 0}
    - target: {fileID: 1572642282876043408, guid: 4804024eb40433a4db74e65c6fc72efe, type: 3}
      propertyPath: m_LocalEulerAnglesHint.x
      value: -19.564062
      objectReference: {fileID: 0}
    - target: {fileID: 1572642282876043408, guid: 4804024eb40433a4db74e65c6fc72efe, type: 3}
      propertyPath: m_LocalEulerAnglesHint.y
      value: 13.672453
      objectReference: {fileID: 0}
    - target: {fileID: 1572642282876043408, guid: 4804024eb40433a4db74e65c6fc72efe, type: 3}
      propertyPath: m_LocalEulerAnglesHint.z
      value: -0.63530993
      objectReference: {fileID: 0}
    - target: {fileID: 1572642282878165845, guid: 4804024eb40433a4db74e65c6fc72efe, type: 3}
      propertyPath: m_LocalEulerAnglesHint.x
      value: 0.2618698
      objectReference: {fileID: 0}
    - target: {fileID: 1572642282878165845, guid: 4804024eb40433a4db74e65c6fc72efe, type: 3}
      propertyPath: m_LocalEulerAnglesHint.y
      value: 1.5555711
      objectReference: {fileID: 0}
    - target: {fileID: 1572642282878165845, guid: 4804024eb40433a4db74e65c6fc72efe, type: 3}
      propertyPath: m_LocalEulerAnglesHint.z
      value: -12.92384
      objectReference: {fileID: 0}
    - target: {fileID: 1572642282913486872, guid: 4804024eb40433a4db74e65c6fc72efe, type: 3}
      propertyPath: m_LocalEulerAnglesHint.x
      value: 44.88493
      objectReference: {fileID: 0}
    - target: {fileID: 1572642282913486872, guid: 4804024eb40433a4db74e65c6fc72efe, type: 3}
      propertyPath: m_LocalEulerAnglesHint.y
      value: 2.3563652
      objectReference: {fileID: 0}
    - target: {fileID: 1572642282913486872, guid: 4804024eb40433a4db74e65c6fc72efe, type: 3}
      propertyPath: m_LocalEulerAnglesHint.z
      value: 11.774086
      objectReference: {fileID: 0}
    - target: {fileID: 1572642282940580505, guid: 4804024eb40433a4db74e65c6fc72efe, type: 3}
      propertyPath: m_LocalEulerAnglesHint.x
      value: 0.17648923
      objectReference: {fileID: 0}
    - target: {fileID: 1572642282940580505, guid: 4804024eb40433a4db74e65c6fc72efe, type: 3}
      propertyPath: m_LocalEulerAnglesHint.y
      value: 1.1932642
      objectReference: {fileID: 0}
    - target: {fileID: 1572642282940580505, guid: 4804024eb40433a4db74e65c6fc72efe, type: 3}
      propertyPath: m_LocalEulerAnglesHint.z
      value: -9.888992
      objectReference: {fileID: 0}
    - target: {fileID: 1572642282982501364, guid: 4804024eb40433a4db74e65c6fc72efe, type: 3}
      propertyPath: m_RootOrder
      value: 4
      objectReference: {fileID: 0}
    - target: {fileID: 1572642282982501364, guid: 4804024eb40433a4db74e65c6fc72efe, type: 3}
      propertyPath: m_LocalPosition.x
      value: -963.86
      objectReference: {fileID: 0}
    - target: {fileID: 1572642282982501364, guid: 4804024eb40433a4db74e65c6fc72efe, type: 3}
      propertyPath: m_LocalPosition.y
      value: -540
      objectReference: {fileID: 0}
    - target: {fileID: 1572642282982501364, guid: 4804024eb40433a4db74e65c6fc72efe, type: 3}
      propertyPath: m_LocalPosition.z
      value: -7
      objectReference: {fileID: 0}
    - target: {fileID: 1572642282982501364, guid: 4804024eb40433a4db74e65c6fc72efe, type: 3}
      propertyPath: m_LocalRotation.w
      value: 0
      objectReference: {fileID: 0}
    - target: {fileID: 1572642282982501364, guid: 4804024eb40433a4db74e65c6fc72efe, type: 3}
      propertyPath: m_LocalRotation.x
      value: -0
      objectReference: {fileID: 0}
    - target: {fileID: 1572642282982501364, guid: 4804024eb40433a4db74e65c6fc72efe, type: 3}
      propertyPath: m_LocalRotation.y
      value: 1
      objectReference: {fileID: 0}
    - target: {fileID: 1572642282982501364, guid: 4804024eb40433a4db74e65c6fc72efe, type: 3}
      propertyPath: m_LocalRotation.z
      value: -0
      objectReference: {fileID: 0}
    - target: {fileID: 1572642282982501364, guid: 4804024eb40433a4db74e65c6fc72efe, type: 3}
      propertyPath: m_LocalEulerAnglesHint.x
      value: 0
      objectReference: {fileID: 0}
    - target: {fileID: 1572642282982501364, guid: 4804024eb40433a4db74e65c6fc72efe, type: 3}
      propertyPath: m_LocalEulerAnglesHint.y
      value: 180
      objectReference: {fileID: 0}
    - target: {fileID: 1572642282982501364, guid: 4804024eb40433a4db74e65c6fc72efe, type: 3}
      propertyPath: m_LocalEulerAnglesHint.z
      value: 0
      objectReference: {fileID: 0}
    - target: {fileID: 1572642282982501365, guid: 4804024eb40433a4db74e65c6fc72efe, type: 3}
      propertyPath: scriptableAnimations
      value: 
      objectReference: {fileID: 11400000, guid: d5ed0afb106dc884c949badfd4b053b2, type: 2}
    - target: {fileID: 1572642282982501367, guid: 4804024eb40433a4db74e65c6fc72efe, type: 3}
      propertyPath: m_Name
      value: Hero
      objectReference: {fileID: 0}
    - target: {fileID: 1572642282989105642, guid: 4804024eb40433a4db74e65c6fc72efe, type: 3}
      propertyPath: m_LocalEulerAnglesHint.x
      value: 1.9281392
      objectReference: {fileID: 0}
    - target: {fileID: 1572642282989105642, guid: 4804024eb40433a4db74e65c6fc72efe, type: 3}
      propertyPath: m_LocalEulerAnglesHint.y
      value: 0.23445544
      objectReference: {fileID: 0}
    - target: {fileID: 1572642282989105642, guid: 4804024eb40433a4db74e65c6fc72efe, type: 3}
      propertyPath: m_LocalEulerAnglesHint.z
      value: -1.7086954
      objectReference: {fileID: 0}
    - target: {fileID: 1572642283002453876, guid: 4804024eb40433a4db74e65c6fc72efe, type: 3}
      propertyPath: m_LocalEulerAnglesHint.x
      value: -0.4201087
      objectReference: {fileID: 0}
    - target: {fileID: 1572642283002453876, guid: 4804024eb40433a4db74e65c6fc72efe, type: 3}
      propertyPath: m_LocalEulerAnglesHint.y
      value: 8.580212
      objectReference: {fileID: 0}
    - target: {fileID: 1572642283002453876, guid: 4804024eb40433a4db74e65c6fc72efe, type: 3}
      propertyPath: m_LocalEulerAnglesHint.z
      value: 5.6197414
      objectReference: {fileID: 0}
    - target: {fileID: 1572642283017208639, guid: 4804024eb40433a4db74e65c6fc72efe, type: 3}
      propertyPath: m_LocalEulerAnglesHint.x
      value: 0.19210285
      objectReference: {fileID: 0}
    - target: {fileID: 1572642283017208639, guid: 4804024eb40433a4db74e65c6fc72efe, type: 3}
      propertyPath: m_LocalEulerAnglesHint.y
      value: 1.2557343
      objectReference: {fileID: 0}
    - target: {fileID: 1572642283017208639, guid: 4804024eb40433a4db74e65c6fc72efe, type: 3}
      propertyPath: m_LocalEulerAnglesHint.z
      value: -10.421512
      objectReference: {fileID: 0}
    - target: {fileID: 1572642283035329788, guid: 4804024eb40433a4db74e65c6fc72efe, type: 3}
      propertyPath: m_LocalEulerAnglesHint.x
      value: -23.942068
      objectReference: {fileID: 0}
    - target: {fileID: 1572642283035329788, guid: 4804024eb40433a4db74e65c6fc72efe, type: 3}
      propertyPath: m_LocalEulerAnglesHint.y
      value: -11.100478
      objectReference: {fileID: 0}
    - target: {fileID: 1572642283035329788, guid: 4804024eb40433a4db74e65c6fc72efe, type: 3}
      propertyPath: m_LocalEulerAnglesHint.z
      value: 18.987846
      objectReference: {fileID: 0}
    m_RemovedComponents: []
  m_SourcePrefab: {fileID: 100100000, guid: 4804024eb40433a4db74e65c6fc72efe, type: 3}
--- !u!4 &7654804290353021916 stripped
Transform:
  m_CorrespondingSourceObject: {fileID: 1572642282982501364, guid: 4804024eb40433a4db74e65c6fc72efe, type: 3}
  m_PrefabInstance: {fileID: 9216746530316134440}
  m_PrefabAsset: {fileID: 0}
--- !u!114 &7654804290353021917 stripped
MonoBehaviour:
  m_CorrespondingSourceObject: {fileID: 1572642282982501365, guid: 4804024eb40433a4db74e65c6fc72efe, type: 3}
  m_PrefabInstance: {fileID: 9216746530316134440}
  m_PrefabAsset: {fileID: 0}
  m_GameObject: {fileID: 0}
  m_Enabled: 1
  m_EditorHideFlags: 0
  m_Script: {fileID: 11500000, guid: 14ab7ffe39600604c9e87d79eeacd80e, type: 3}
  m_Name: 
  m_EditorClassIdentifier: 
