%YAML 1.1
%TAG !u! tag:unity3d.com,2011:
--- !u!1 &2301906334572430857
GameObject:
  m_ObjectHideFlags: 0
  m_CorrespondingSourceObject: {fileID: 0}
  m_PrefabInstance: {fileID: 0}
  m_PrefabAsset: {fileID: 0}
  serializedVersion: 6
  m_Component:
  - component: {fileID: 2301906334572430856}
  - component: {fileID: 2301906334572430858}
  - component: {fileID: 1897298826684439945}
  m_Layer: 5
  m_Name: Panel - Selected
  m_TagString: Untagged
  m_Icon: {fileID: 0}
  m_NavMeshLayer: 0
  m_StaticEditorFlags: 0
  m_IsActive: 1
--- !u!224 &2301906334572430856
RectTransform:
  m_ObjectHideFlags: 0
  m_CorrespondingSourceObject: {fileID: 0}
  m_PrefabInstance: {fileID: 0}
  m_PrefabAsset: {fileID: 0}
  m_GameObject: {fileID: 2301906334572430857}
  m_LocalRotation: {x: 0, y: 0, z: 0, w: 1}
  m_LocalPosition: {x: 0, y: 0, z: 0}
  m_LocalScale: {x: 1, y: 1, z: 1}
  m_Children:
  - {fileID: 2301906335086772735}
  - {fileID: 2301906336079880794}
  m_Father: {fileID: 0}
  m_RootOrder: 0
  m_LocalEulerAnglesHint: {x: 0, y: 0, z: 0}
  m_AnchorMin: {x: 0, y: 0}
  m_AnchorMax: {x: 1, y: 1}
  m_AnchoredPosition: {x: 0, y: 0}
  m_SizeDelta: {x: 0, y: 0}
  m_Pivot: {x: 0.5, y: 0.5}
--- !u!222 &2301906334572430858
CanvasRenderer:
  m_ObjectHideFlags: 0
  m_CorrespondingSourceObject: {fileID: 0}
  m_PrefabInstance: {fileID: 0}
  m_PrefabAsset: {fileID: 0}
  m_GameObject: {fileID: 2301906334572430857}
  m_CullTransparentMesh: 1
--- !u!114 &1897298826684439945
MonoBehaviour:
  m_ObjectHideFlags: 0
  m_CorrespondingSourceObject: {fileID: 0}
  m_PrefabInstance: {fileID: 0}
  m_PrefabAsset: {fileID: 0}
  m_GameObject: {fileID: 2301906334572430857}
  m_Enabled: 1
  m_EditorHideFlags: 0
  m_Script: {fileID: 11500000, guid: 69dde4a382f6d0442ac12aa4bdf1ed07, type: 3}
  m_Name: 
  m_EditorClassIdentifier: 
  textCurrentAnim: {fileID: 2301906336607256980}
  scriptableAnimations: {fileID: 11400000, guid: d5ed0afb106dc884c949badfd4b053b2, type: 2}
--- !u!1 &2301906335086772732
GameObject:
  m_ObjectHideFlags: 0
  m_CorrespondingSourceObject: {fileID: 0}
  m_PrefabInstance: {fileID: 0}
  m_PrefabAsset: {fileID: 0}
  serializedVersion: 6
  m_Component:
  - component: {fileID: 2301906335086772735}
  - component: {fileID: 2301906335086772705}
  - component: {fileID: 2301906335086772734}
  m_Layer: 5
  m_Name: RawImage - Hero
  m_TagString: Untagged
  m_Icon: {fileID: 0}
  m_NavMeshLayer: 0
  m_StaticEditorFlags: 0
  m_IsActive: 1
--- !u!224 &2301906335086772735
RectTransform:
  m_ObjectHideFlags: 0
  m_CorrespondingSourceObject: {fileID: 0}
  m_PrefabInstance: {fileID: 0}
  m_PrefabAsset: {fileID: 0}
  m_GameObject: {fileID: 2301906335086772732}
  m_LocalRotation: {x: -0, y: -0, z: -0, w: 1}
  m_LocalPosition: {x: 0, y: 0, z: 0}
  m_LocalScale: {x: 1, y: 1, z: 1}
  m_Children:
  - {fileID: 2301906336607256981}
  m_Father: {fileID: 2301906334572430856}
  m_RootOrder: 0
  m_LocalEulerAnglesHint: {x: 0, y: 0, z: 0}
  m_AnchorMin: {x: 1, y: 1}
  m_AnchorMax: {x: 1, y: 1}
  m_AnchoredPosition: {x: -217.51, y: -156}
  m_SizeDelta: {x: 435.0111, y: 272.90002}
  m_Pivot: {x: 0.5, y: 0.5}
--- !u!222 &2301906335086772705
CanvasRenderer:
  m_ObjectHideFlags: 0
  m_CorrespondingSourceObject: {fileID: 0}
  m_PrefabInstance: {fileID: 0}
  m_PrefabAsset: {fileID: 0}
  m_GameObject: {fileID: 2301906335086772732}
  m_CullTransparentMesh: 1
--- !u!114 &2301906335086772734
MonoBehaviour:
  m_ObjectHideFlags: 0
  m_CorrespondingSourceObject: {fileID: 0}
  m_PrefabInstance: {fileID: 0}
  m_PrefabAsset: {fileID: 0}
  m_GameObject: {fileID: 2301906335086772732}
  m_Enabled: 1
  m_EditorHideFlags: 0
  m_Script: {fileID: 11500000, guid: 1344c3c82d62a2a41a3576d8abb8e3ea, type: 3}
  m_Name: 
  m_EditorClassIdentifier: 
  m_Material: {fileID: 0}
  m_Color: {r: 1, g: 1, b: 1, a: 1}
  m_RaycastTarget: 1
  m_RaycastPadding: {x: 0, y: 0, z: 0, w: 0}
  m_Maskable: 1
  m_OnCullStateChanged:
    m_PersistentCalls:
      m_Calls: []
  m_Texture: {fileID: 8400000, guid: bfe492f4599a5084e9c897c24e462cae, type: 2}
  m_UVRect:
    serializedVersion: 2
    x: 0
    y: 0
    width: 1
    height: 1
--- !u!1 &2301906336079880793
GameObject:
  m_ObjectHideFlags: 0
  m_CorrespondingSourceObject: {fileID: 0}
  m_PrefabInstance: {fileID: 0}
  m_PrefabAsset: {fileID: 0}
  serializedVersion: 6
  m_Component:
  - component: {fileID: 2301906336079880794}
  - component: {fileID: 2301906336079880795}
  m_Layer: 0
  m_Name: Camera - Hero
  m_TagString: Untagged
  m_Icon: {fileID: 0}
  m_NavMeshLayer: 0
  m_StaticEditorFlags: 0
  m_IsActive: 1
--- !u!4 &2301906336079880794
Transform:
  m_ObjectHideFlags: 0
  m_CorrespondingSourceObject: {fileID: 0}
  m_PrefabInstance: {fileID: 0}
  m_PrefabAsset: {fileID: 0}
  m_GameObject: {fileID: 2301906336079880793}
  m_LocalRotation: {x: -0, y: -0, z: -0, w: 1}
  m_LocalPosition: {x: -991.7, y: -539.13, z: -9.86}
  m_LocalScale: {x: 1, y: 1, z: 1}
  m_Children:
  - {fileID: 2301906335003626495}
  m_Father: {fileID: 2301906334572430856}
  m_RootOrder: 1
  m_LocalEulerAnglesHint: {x: 0, y: 0, z: 0}
--- !u!20 &2301906336079880795
Camera:
  m_ObjectHideFlags: 0
  m_CorrespondingSourceObject: {fileID: 0}
  m_PrefabInstance: {fileID: 0}
  m_PrefabAsset: {fileID: 0}
  m_GameObject: {fileID: 2301906336079880793}
  m_Enabled: 1
  serializedVersion: 2
  m_ClearFlags: 2
  m_BackGroundColor: {r: 0.19215687, g: 0.3019608, b: 0.4745098, a: 0}
  m_projectionMatrixMode: 1
  m_GateFitMode: 2
  m_FOVAxisMode: 0
  m_SensorSize: {x: 36, y: 24}
  m_LensShift: {x: 0, y: 0}
  m_FocalLength: 50
  m_NormalizedViewPortRect:
    serializedVersion: 2
    x: 0
    y: 0
    width: 1
    height: 1
  near clip plane: 0.3
  far clip plane: 10
  field of view: 38
  orthographic: 1
  orthographic size: 1.0453582
  m_Depth: 0
  m_CullingMask:
    serializedVersion: 2
    m_Bits: 4294967295
  m_RenderingPath: -1
  m_TargetTexture: {fileID: 8400000, guid: bfe492f4599a5084e9c897c24e462cae, type: 2}
  m_TargetDisplay: 0
  m_TargetEye: 3
  m_HDR: 1
  m_AllowMSAA: 1
  m_AllowDynamicResolution: 0
  m_ForceIntoRT: 0
  m_OcclusionCulling: 1
  m_StereoConvergence: 10
  m_StereoSeparation: 0.022
--- !u!1 &2301906336607256978
GameObject:
  m_ObjectHideFlags: 0
  m_CorrespondingSourceObject: {fileID: 0}
  m_PrefabInstance: {fileID: 0}
  m_PrefabAsset: {fileID: 0}
  serializedVersion: 6
  m_Component:
  - component: {fileID: 2301906336607256981}
  - component: {fileID: 2301906336607256983}
  - component: {fileID: 2301906336607256980}
  m_Layer: 5
  m_Name: Text - Header
  m_TagString: Untagged
  m_Icon: {fileID: 0}
  m_NavMeshLayer: 0
  m_StaticEditorFlags: 0
  m_IsActive: 1
--- !u!224 &2301906336607256981
RectTransform:
  m_ObjectHideFlags: 0
  m_CorrespondingSourceObject: {fileID: 0}
  m_PrefabInstance: {fileID: 0}
  m_PrefabAsset: {fileID: 0}
  m_GameObject: {fileID: 2301906336607256978}
  m_LocalRotation: {x: -0, y: -0, z: -0, w: 1}
  m_LocalPosition: {x: 0, y: 0, z: 0}
  m_LocalScale: {x: 1, y: 1, z: 1}
  m_Children: []
  m_Father: {fileID: 2301906335086772735}
  m_RootOrder: 0
  m_LocalEulerAnglesHint: {x: 0, y: 0, z: 0}
  m_AnchorMin: {x: 0.5, y: 0.5}
  m_AnchorMax: {x: 0.5, y: 0.5}
  m_AnchoredPosition: {x: 0.0099487305, y: -198.71994}
  m_SizeDelta: {x: 435.01, y: 124.55}
  m_Pivot: {x: 0.5, y: 0.5}
--- !u!222 &2301906336607256983
CanvasRenderer:
  m_ObjectHideFlags: 0
  m_CorrespondingSourceObject: {fileID: 0}
  m_PrefabInstance: {fileID: 0}
  m_PrefabAsset: {fileID: 0}
  m_GameObject: {fileID: 2301906336607256978}
  m_CullTransparentMesh: 1
--- !u!114 &2301906336607256980
MonoBehaviour:
  m_ObjectHideFlags: 0
  m_CorrespondingSourceObject: {fileID: 0}
  m_PrefabInstance: {fileID: 0}
  m_PrefabAsset: {fileID: 0}
  m_GameObject: {fileID: 2301906336607256978}
  m_Enabled: 1
  m_EditorHideFlags: 0
  m_Script: {fileID: 11500000, guid: 5f7201a12d95ffc409449d95f23cf332, type: 3}
  m_Name: 
  m_EditorClassIdentifier: 
  m_Material: {fileID: 0}
  m_Color: {r: 0.8679245, g: 0.8679245, b: 0.8679245, a: 1}
  m_RaycastTarget: 1
  m_RaycastPadding: {x: 0, y: 0, z: 0, w: 0}
  m_Maskable: 1
  m_OnCullStateChanged:
    m_PersistentCalls:
      m_Calls: []
  m_FontData:
    m_Font: {fileID: 12800000, guid: de26e88341cdcfe41a91c78223e5688e, type: 3}
    m_FontSize: 58
    m_FontStyle: 0
    m_BestFit: 0
    m_MinSize: 7
    m_MaxSize: 96
    m_Alignment: 4
    m_AlignByGeometry: 0
    m_RichText: 1
    m_HorizontalOverflow: 0
    m_VerticalOverflow: 0
    m_LineSpacing: 1
  m_Text: ANIMATION
--- !u!1001 &729906737098956811
PrefabInstance:
  m_ObjectHideFlags: 0
  serializedVersion: 2
  m_Modification:
    m_TransformParent: {fileID: 2301906336079880794}
    m_Modifications:
    - target: {fileID: 1572642280905791808, guid: 4804024eb40433a4db74e65c6fc72efe, type: 3}
      propertyPath: m_Layer
      value: 5
      objectReference: {fileID: 0}
    - target: {fileID: 1572642280922497199, guid: 4804024eb40433a4db74e65c6fc72efe, type: 3}
      propertyPath: m_Layer
      value: 5
      objectReference: {fileID: 0}
    - target: {fileID: 1572642280931519251, guid: 4804024eb40433a4db74e65c6fc72efe, type: 3}
      propertyPath: m_Layer
      value: 5
      objectReference: {fileID: 0}
    - target: {fileID: 1572642280962872986, guid: 4804024eb40433a4db74e65c6fc72efe, type: 3}
      propertyPath: m_LocalEulerAnglesHint.x
      value: 0.22159535
      objectReference: {fileID: 0}
    - target: {fileID: 1572642280962872986, guid: 4804024eb40433a4db74e65c6fc72efe, type: 3}
      propertyPath: m_LocalEulerAnglesHint.y
      value: -0.0000005860594
      objectReference: {fileID: 0}
    - target: {fileID: 1572642280962872986, guid: 4804024eb40433a4db74e65c6fc72efe, type: 3}
      propertyPath: m_LocalEulerAnglesHint.z
      value: 0.000007378613
      objectReference: {fileID: 0}
    - target: {fileID: 1572642280962872997, guid: 4804024eb40433a4db74e65c6fc72efe, type: 3}
      propertyPath: m_Layer
      value: 5
      objectReference: {fileID: 0}
    - target: {fileID: 1572642280970163890, guid: 4804024eb40433a4db74e65c6fc72efe, type: 3}
      propertyPath: m_Layer
      value: 5
      objectReference: {fileID: 0}
    - target: {fileID: 1572642280970163891, guid: 4804024eb40433a4db74e65c6fc72efe, type: 3}
      propertyPath: m_LocalEulerAnglesHint.x
      value: 0.12597944
      objectReference: {fileID: 0}
    - target: {fileID: 1572642280970163891, guid: 4804024eb40433a4db74e65c6fc72efe, type: 3}
      propertyPath: m_LocalEulerAnglesHint.y
      value: 1.3142668
      objectReference: {fileID: 0}
    - target: {fileID: 1572642280970163891, guid: 4804024eb40433a4db74e65c6fc72efe, type: 3}
      propertyPath: m_LocalEulerAnglesHint.z
      value: -10.950496
      objectReference: {fileID: 0}
    - target: {fileID: 1572642280980015810, guid: 4804024eb40433a4db74e65c6fc72efe, type: 3}
      propertyPath: m_Layer
      value: 5
      objectReference: {fileID: 0}
    - target: {fileID: 1572642281001411732, guid: 4804024eb40433a4db74e65c6fc72efe, type: 3}
      propertyPath: m_Layer
      value: 5
      objectReference: {fileID: 0}
    - target: {fileID: 1572642281001411733, guid: 4804024eb40433a4db74e65c6fc72efe, type: 3}
      propertyPath: m_LocalEulerAnglesHint.x
      value: 0.22524142
      objectReference: {fileID: 0}
    - target: {fileID: 1572642281001411733, guid: 4804024eb40433a4db74e65c6fc72efe, type: 3}
      propertyPath: m_LocalEulerAnglesHint.y
      value: 1.4043584
      objectReference: {fileID: 0}
    - target: {fileID: 1572642281001411733, guid: 4804024eb40433a4db74e65c6fc72efe, type: 3}
      propertyPath: m_LocalEulerAnglesHint.z
      value: -11.669513
      objectReference: {fileID: 0}
    - target: {fileID: 1572642281057473165, guid: 4804024eb40433a4db74e65c6fc72efe, type: 3}
      propertyPath: m_Layer
      value: 5
      objectReference: {fileID: 0}
    - target: {fileID: 1572642281067756652, guid: 4804024eb40433a4db74e65c6fc72efe, type: 3}
      propertyPath: m_LocalEulerAnglesHint.x
      value: 0.17949991
      objectReference: {fileID: 0}
    - target: {fileID: 1572642281067756652, guid: 4804024eb40433a4db74e65c6fc72efe, type: 3}
      propertyPath: m_LocalEulerAnglesHint.y
      value: 1.2380322
      objectReference: {fileID: 0}
    - target: {fileID: 1572642281067756652, guid: 4804024eb40433a4db74e65c6fc72efe, type: 3}
      propertyPath: m_LocalEulerAnglesHint.z
      value: -10.261664
      objectReference: {fileID: 0}
    - target: {fileID: 1572642281067756655, guid: 4804024eb40433a4db74e65c6fc72efe, type: 3}
      propertyPath: m_Layer
      value: 5
      objectReference: {fileID: 0}
    - target: {fileID: 1572642281074574848, guid: 4804024eb40433a4db74e65c6fc72efe, type: 3}
      propertyPath: m_LocalEulerAnglesHint.x
      value: 4.1509748
      objectReference: {fileID: 0}
    - target: {fileID: 1572642281074574848, guid: 4804024eb40433a4db74e65c6fc72efe, type: 3}
      propertyPath: m_LocalEulerAnglesHint.y
      value: -95.036156
      objectReference: {fileID: 0}
    - target: {fileID: 1572642281074574848, guid: 4804024eb40433a4db74e65c6fc72efe, type: 3}
      propertyPath: m_LocalEulerAnglesHint.z
      value: -0.35891083
      objectReference: {fileID: 0}
    - target: {fileID: 1572642281074574851, guid: 4804024eb40433a4db74e65c6fc72efe, type: 3}
      propertyPath: m_Layer
      value: 5
      objectReference: {fileID: 0}
    - target: {fileID: 1572642281124175662, guid: 4804024eb40433a4db74e65c6fc72efe, type: 3}
      propertyPath: m_Layer
      value: 5
      objectReference: {fileID: 0}
    - target: {fileID: 1572642281124175663, guid: 4804024eb40433a4db74e65c6fc72efe, type: 3}
      propertyPath: m_LocalEulerAnglesHint.x
      value: 0.00007373741
      objectReference: {fileID: 0}
    - target: {fileID: 1572642281124175663, guid: 4804024eb40433a4db74e65c6fc72efe, type: 3}
      propertyPath: m_LocalEulerAnglesHint.y
      value: -0.03122803
      objectReference: {fileID: 0}
    - target: {fileID: 1572642281124175663, guid: 4804024eb40433a4db74e65c6fc72efe, type: 3}
      propertyPath: m_LocalEulerAnglesHint.z
      value: 0.2586057
      objectReference: {fileID: 0}
    - target: {fileID: 1572642281126953489, guid: 4804024eb40433a4db74e65c6fc72efe, type: 3}
      propertyPath: m_Layer
      value: 5
      objectReference: {fileID: 0}
    - target: {fileID: 1572642281201072740, guid: 4804024eb40433a4db74e65c6fc72efe, type: 3}
      propertyPath: m_Layer
      value: 5
      objectReference: {fileID: 0}
    - target: {fileID: 1572642281201072741, guid: 4804024eb40433a4db74e65c6fc72efe, type: 3}
      propertyPath: m_LocalEulerAnglesHint.x
      value: 1.7722288
      objectReference: {fileID: 0}
    - target: {fileID: 1572642281201072741, guid: 4804024eb40433a4db74e65c6fc72efe, type: 3}
      propertyPath: m_LocalEulerAnglesHint.y
      value: 8.839177
      objectReference: {fileID: 0}
    - target: {fileID: 1572642281201072741, guid: 4804024eb40433a4db74e65c6fc72efe, type: 3}
      propertyPath: m_LocalEulerAnglesHint.z
      value: 4.446277
      objectReference: {fileID: 0}
    - target: {fileID: 1572642281224055225, guid: 4804024eb40433a4db74e65c6fc72efe, type: 3}
      propertyPath: m_Layer
      value: 5
      objectReference: {fileID: 0}
    - target: {fileID: 1572642281224055230, guid: 4804024eb40433a4db74e65c6fc72efe, type: 3}
      propertyPath: m_LocalEulerAnglesHint.x
      value: 0.13212916
      objectReference: {fileID: 0}
    - target: {fileID: 1572642281224055230, guid: 4804024eb40433a4db74e65c6fc72efe, type: 3}
      propertyPath: m_LocalEulerAnglesHint.y
      value: 1.0771003
      objectReference: {fileID: 0}
    - target: {fileID: 1572642281224055230, guid: 4804024eb40433a4db74e65c6fc72efe, type: 3}
      propertyPath: m_LocalEulerAnglesHint.z
      value: -8.872888
      objectReference: {fileID: 0}
    - target: {fileID: 1572642281241459976, guid: 4804024eb40433a4db74e65c6fc72efe, type: 3}
      propertyPath: m_Layer
      value: 5
      objectReference: {fileID: 0}
    - target: {fileID: 1572642281241459977, guid: 4804024eb40433a4db74e65c6fc72efe, type: 3}
      propertyPath: m_LocalEulerAnglesHint.x
      value: -22.58066
      objectReference: {fileID: 0}
    - target: {fileID: 1572642281241459977, guid: 4804024eb40433a4db74e65c6fc72efe, type: 3}
      propertyPath: m_LocalEulerAnglesHint.y
      value: 3.3725846
      objectReference: {fileID: 0}
    - target: {fileID: 1572642281241459977, guid: 4804024eb40433a4db74e65c6fc72efe, type: 3}
      propertyPath: m_LocalEulerAnglesHint.z
      value: -13.219867
      objectReference: {fileID: 0}
    - target: {fileID: 1572642281244966267, guid: 4804024eb40433a4db74e65c6fc72efe, type: 3}
      propertyPath: m_Layer
      value: 5
      objectReference: {fileID: 0}
    - target: {fileID: 1572642281372615096, guid: 4804024eb40433a4db74e65c6fc72efe, type: 3}
      propertyPath: m_LocalEulerAnglesHint.x
      value: 0.2232489
      objectReference: {fileID: 0}
    - target: {fileID: 1572642281372615096, guid: 4804024eb40433a4db74e65c6fc72efe, type: 3}
      propertyPath: m_LocalEulerAnglesHint.y
      value: 1.397077
      objectReference: {fileID: 0}
    - target: {fileID: 1572642281372615096, guid: 4804024eb40433a4db74e65c6fc72efe, type: 3}
      propertyPath: m_LocalEulerAnglesHint.z
      value: -11.585338
      objectReference: {fileID: 0}
    - target: {fileID: 1572642281372615099, guid: 4804024eb40433a4db74e65c6fc72efe, type: 3}
      propertyPath: m_Layer
      value: 5
      objectReference: {fileID: 0}
    - target: {fileID: 1572642281388029122, guid: 4804024eb40433a4db74e65c6fc72efe, type: 3}
      propertyPath: m_LocalEulerAnglesHint.x
      value: 0.884003
      objectReference: {fileID: 0}
    - target: {fileID: 1572642281388029122, guid: 4804024eb40433a4db74e65c6fc72efe, type: 3}
      propertyPath: m_LocalEulerAnglesHint.y
      value: -7.7622476
      objectReference: {fileID: 0}
    - target: {fileID: 1572642281388029122, guid: 4804024eb40433a4db74e65c6fc72efe, type: 3}
      propertyPath: m_LocalEulerAnglesHint.z
      value: -2.193795
      objectReference: {fileID: 0}
    - target: {fileID: 1572642281388029133, guid: 4804024eb40433a4db74e65c6fc72efe, type: 3}
      propertyPath: m_Layer
      value: 5
      objectReference: {fileID: 0}
    - target: {fileID: 1572642281417132714, guid: 4804024eb40433a4db74e65c6fc72efe, type: 3}
      propertyPath: m_Layer
      value: 5
      objectReference: {fileID: 0}
    - target: {fileID: 1572642281454791337, guid: 4804024eb40433a4db74e65c6fc72efe, type: 3}
      propertyPath: m_Layer
      value: 5
      objectReference: {fileID: 0}
    - target: {fileID: 1572642281454791342, guid: 4804024eb40433a4db74e65c6fc72efe, type: 3}
      propertyPath: m_LocalEulerAnglesHint.x
      value: -2.5668669
      objectReference: {fileID: 0}
    - target: {fileID: 1572642281454791342, guid: 4804024eb40433a4db74e65c6fc72efe, type: 3}
      propertyPath: m_LocalEulerAnglesHint.y
      value: -39.131084
      objectReference: {fileID: 0}
    - target: {fileID: 1572642281454791342, guid: 4804024eb40433a4db74e65c6fc72efe, type: 3}
      propertyPath: m_LocalEulerAnglesHint.z
      value: -45.45743
      objectReference: {fileID: 0}
    - target: {fileID: 1572642281471265812, guid: 4804024eb40433a4db74e65c6fc72efe, type: 3}
      propertyPath: m_LocalEulerAnglesHint.x
      value: 2.5300562
      objectReference: {fileID: 0}
    - target: {fileID: 1572642281471265812, guid: 4804024eb40433a4db74e65c6fc72efe, type: 3}
      propertyPath: m_LocalEulerAnglesHint.y
      value: -8.043637
      objectReference: {fileID: 0}
    - target: {fileID: 1572642281471265812, guid: 4804024eb40433a4db74e65c6fc72efe, type: 3}
      propertyPath: m_LocalEulerAnglesHint.z
      value: -3.1264496
      objectReference: {fileID: 0}
    - target: {fileID: 1572642281471265815, guid: 4804024eb40433a4db74e65c6fc72efe, type: 3}
      propertyPath: m_Layer
      value: 5
      objectReference: {fileID: 0}
    - target: {fileID: 1572642281541119090, guid: 4804024eb40433a4db74e65c6fc72efe, type: 3}
      propertyPath: m_LocalEulerAnglesHint.x
      value: -0.008963725
      objectReference: {fileID: 0}
    - target: {fileID: 1572642281541119090, guid: 4804024eb40433a4db74e65c6fc72efe, type: 3}
      propertyPath: m_LocalEulerAnglesHint.y
      value: 0.03379406
      objectReference: {fileID: 0}
    - target: {fileID: 1572642281541119090, guid: 4804024eb40433a4db74e65c6fc72efe, type: 3}
      propertyPath: m_LocalEulerAnglesHint.z
      value: -0.28440058
      objectReference: {fileID: 0}
    - target: {fileID: 1572642281541119101, guid: 4804024eb40433a4db74e65c6fc72efe, type: 3}
      propertyPath: m_Layer
      value: 5
      objectReference: {fileID: 0}
    - target: {fileID: 1572642281634876964, guid: 4804024eb40433a4db74e65c6fc72efe, type: 3}
      propertyPath: m_LocalEulerAnglesHint.x
      value: 9.594469
      objectReference: {fileID: 0}
    - target: {fileID: 1572642281634876964, guid: 4804024eb40433a4db74e65c6fc72efe, type: 3}
      propertyPath: m_LocalEulerAnglesHint.y
      value: -0.1401846
      objectReference: {fileID: 0}
    - target: {fileID: 1572642281634876964, guid: 4804024eb40433a4db74e65c6fc72efe, type: 3}
      propertyPath: m_LocalEulerAnglesHint.z
      value: -1.1562591
      objectReference: {fileID: 0}
    - target: {fileID: 1572642281634876967, guid: 4804024eb40433a4db74e65c6fc72efe, type: 3}
      propertyPath: m_Layer
      value: 5
      objectReference: {fileID: 0}
    - target: {fileID: 1572642281651853342, guid: 4804024eb40433a4db74e65c6fc72efe, type: 3}
      propertyPath: m_Layer
      value: 5
      objectReference: {fileID: 0}
    - target: {fileID: 1572642281651853343, guid: 4804024eb40433a4db74e65c6fc72efe, type: 3}
      propertyPath: m_LocalEulerAnglesHint.x
      value: 0.1167862
      objectReference: {fileID: 0}
    - target: {fileID: 1572642281651853343, guid: 4804024eb40433a4db74e65c6fc72efe, type: 3}
      propertyPath: m_LocalEulerAnglesHint.y
      value: 0.91678447
      objectReference: {fileID: 0}
    - target: {fileID: 1572642281651853343, guid: 4804024eb40433a4db74e65c6fc72efe, type: 3}
      propertyPath: m_LocalEulerAnglesHint.z
      value: -7.570141
      objectReference: {fileID: 0}
    - target: {fileID: 1572642281698982462, guid: 4804024eb40433a4db74e65c6fc72efe, type: 3}
      propertyPath: m_Layer
      value: 5
      objectReference: {fileID: 0}
    - target: {fileID: 1572642281698982463, guid: 4804024eb40433a4db74e65c6fc72efe, type: 3}
      propertyPath: m_LocalEulerAnglesHint.x
      value: -0.07879835
      objectReference: {fileID: 0}
    - target: {fileID: 1572642281698982463, guid: 4804024eb40433a4db74e65c6fc72efe, type: 3}
      propertyPath: m_LocalEulerAnglesHint.y
      value: 3.110556
      objectReference: {fileID: 0}
    - target: {fileID: 1572642281698982463, guid: 4804024eb40433a4db74e65c6fc72efe, type: 3}
      propertyPath: m_LocalEulerAnglesHint.z
      value: 2.7938447
      objectReference: {fileID: 0}
    - target: {fileID: 1572642281710673802, guid: 4804024eb40433a4db74e65c6fc72efe, type: 3}
      propertyPath: m_Layer
      value: 5
      objectReference: {fileID: 0}
    - target: {fileID: 1572642281710673803, guid: 4804024eb40433a4db74e65c6fc72efe, type: 3}
      propertyPath: m_LocalEulerAnglesHint.x
      value: 1.6115046
      objectReference: {fileID: 0}
    - target: {fileID: 1572642281710673803, guid: 4804024eb40433a4db74e65c6fc72efe, type: 3}
      propertyPath: m_LocalEulerAnglesHint.y
      value: 22.497341
      objectReference: {fileID: 0}
    - target: {fileID: 1572642281710673803, guid: 4804024eb40433a4db74e65c6fc72efe, type: 3}
      propertyPath: m_LocalEulerAnglesHint.z
      value: -3.8687346
      objectReference: {fileID: 0}
    - target: {fileID: 1572642281746997152, guid: 4804024eb40433a4db74e65c6fc72efe, type: 3}
      propertyPath: m_Layer
      value: 5
      objectReference: {fileID: 0}
    - target: {fileID: 1572642281746997153, guid: 4804024eb40433a4db74e65c6fc72efe, type: 3}
      propertyPath: m_LocalEulerAnglesHint.x
      value: 0.12645678
      objectReference: {fileID: 0}
    - target: {fileID: 1572642281746997153, guid: 4804024eb40433a4db74e65c6fc72efe, type: 3}
      propertyPath: m_LocalEulerAnglesHint.y
      value: 1.3166964
      objectReference: {fileID: 0}
    - target: {fileID: 1572642281746997153, guid: 4804024eb40433a4db74e65c6fc72efe, type: 3}
      propertyPath: m_LocalEulerAnglesHint.z
      value: -10.971149
      objectReference: {fileID: 0}
    - target: {fileID: 1572642281849804508, guid: 4804024eb40433a4db74e65c6fc72efe, type: 3}
      propertyPath: m_Layer
      value: 5
      objectReference: {fileID: 0}
    - target: {fileID: 1572642281849804509, guid: 4804024eb40433a4db74e65c6fc72efe, type: 3}
      propertyPath: m_LocalEulerAnglesHint.x
      value: -0.004244324
      objectReference: {fileID: 0}
    - target: {fileID: 1572642281849804509, guid: 4804024eb40433a4db74e65c6fc72efe, type: 3}
      propertyPath: m_LocalEulerAnglesHint.y
      value: -0.07705063
      objectReference: {fileID: 0}
    - target: {fileID: 1572642281849804509, guid: 4804024eb40433a4db74e65c6fc72efe, type: 3}
      propertyPath: m_LocalEulerAnglesHint.z
      value: 0.6356451
      objectReference: {fileID: 0}
    - target: {fileID: 1572642281856231706, guid: 4804024eb40433a4db74e65c6fc72efe, type: 3}
      propertyPath: m_Layer
      value: 5
      objectReference: {fileID: 0}
    - target: {fileID: 1572642281892621082, guid: 4804024eb40433a4db74e65c6fc72efe, type: 3}
      propertyPath: m_LocalEulerAnglesHint.x
      value: -0.021032102
      objectReference: {fileID: 0}
    - target: {fileID: 1572642281892621082, guid: 4804024eb40433a4db74e65c6fc72efe, type: 3}
      propertyPath: m_LocalEulerAnglesHint.y
      value: 4.0044527
      objectReference: {fileID: 0}
    - target: {fileID: 1572642281892621082, guid: 4804024eb40433a4db74e65c6fc72efe, type: 3}
      propertyPath: m_LocalEulerAnglesHint.z
      value: 0.92042935
      objectReference: {fileID: 0}
    - target: {fileID: 1572642281892621093, guid: 4804024eb40433a4db74e65c6fc72efe, type: 3}
      propertyPath: m_Layer
      value: 5
      objectReference: {fileID: 0}
    - target: {fileID: 1572642281978593469, guid: 4804024eb40433a4db74e65c6fc72efe, type: 3}
      propertyPath: m_Layer
      value: 5
      objectReference: {fileID: 0}
    - target: {fileID: 1572642281981551153, guid: 4804024eb40433a4db74e65c6fc72efe, type: 3}
      propertyPath: m_Layer
      value: 5
      objectReference: {fileID: 0}
    - target: {fileID: 1572642281981551158, guid: 4804024eb40433a4db74e65c6fc72efe, type: 3}
      propertyPath: m_LocalEulerAnglesHint.x
      value: 4.784267
      objectReference: {fileID: 0}
    - target: {fileID: 1572642281981551158, guid: 4804024eb40433a4db74e65c6fc72efe, type: 3}
      propertyPath: m_LocalEulerAnglesHint.y
      value: -1.3137575
      objectReference: {fileID: 0}
    - target: {fileID: 1572642281981551158, guid: 4804024eb40433a4db74e65c6fc72efe, type: 3}
      propertyPath: m_LocalEulerAnglesHint.z
      value: 2.9311457
      objectReference: {fileID: 0}
    - target: {fileID: 1572642282007670972, guid: 4804024eb40433a4db74e65c6fc72efe, type: 3}
      propertyPath: m_Layer
      value: 5
      objectReference: {fileID: 0}
    - target: {fileID: 1572642282023679116, guid: 4804024eb40433a4db74e65c6fc72efe, type: 3}
      propertyPath: m_LocalEulerAnglesHint.x
      value: 0.00022966984
      objectReference: {fileID: 0}
    - target: {fileID: 1572642282023679116, guid: 4804024eb40433a4db74e65c6fc72efe, type: 3}
      propertyPath: m_LocalEulerAnglesHint.y
      value: -0.056349438
      objectReference: {fileID: 0}
    - target: {fileID: 1572642282023679116, guid: 4804024eb40433a4db74e65c6fc72efe, type: 3}
      propertyPath: m_LocalEulerAnglesHint.z
      value: 0.4668021
      objectReference: {fileID: 0}
    - target: {fileID: 1572642282023679119, guid: 4804024eb40433a4db74e65c6fc72efe, type: 3}
      propertyPath: m_Layer
      value: 5
      objectReference: {fileID: 0}
    - target: {fileID: 1572642282050115060, guid: 4804024eb40433a4db74e65c6fc72efe, type: 3}
      propertyPath: m_Layer
      value: 5
      objectReference: {fileID: 0}
    - target: {fileID: 1572642282050115061, guid: 4804024eb40433a4db74e65c6fc72efe, type: 3}
      propertyPath: m_LocalEulerAnglesHint.x
      value: 0.000043051714
      objectReference: {fileID: 0}
    - target: {fileID: 1572642282050115061, guid: 4804024eb40433a4db74e65c6fc72efe, type: 3}
      propertyPath: m_LocalEulerAnglesHint.y
      value: 0.02469948
      objectReference: {fileID: 0}
    - target: {fileID: 1572642282050115061, guid: 4804024eb40433a4db74e65c6fc72efe, type: 3}
      propertyPath: m_LocalEulerAnglesHint.z
      value: -0.20459916
      objectReference: {fileID: 0}
    - target: {fileID: 1572642282074667108, guid: 4804024eb40433a4db74e65c6fc72efe, type: 3}
      propertyPath: m_LocalEulerAnglesHint.x
      value: -0.6149301
      objectReference: {fileID: 0}
    - target: {fileID: 1572642282074667108, guid: 4804024eb40433a4db74e65c6fc72efe, type: 3}
      propertyPath: m_LocalEulerAnglesHint.y
      value: -3.6151054
      objectReference: {fileID: 0}
    - target: {fileID: 1572642282074667108, guid: 4804024eb40433a4db74e65c6fc72efe, type: 3}
      propertyPath: m_LocalEulerAnglesHint.z
      value: -9.266644
      objectReference: {fileID: 0}
    - target: {fileID: 1572642282074667111, guid: 4804024eb40433a4db74e65c6fc72efe, type: 3}
      propertyPath: m_Layer
      value: 5
      objectReference: {fileID: 0}
    - target: {fileID: 1572642282081223840, guid: 4804024eb40433a4db74e65c6fc72efe, type: 3}
      propertyPath: m_LocalEulerAnglesHint.x
      value: 0.000010376716
      objectReference: {fileID: 0}
    - target: {fileID: 1572642282081223840, guid: 4804024eb40433a4db74e65c6fc72efe, type: 3}
      propertyPath: m_LocalEulerAnglesHint.y
      value: 0.010452612
      objectReference: {fileID: 0}
    - target: {fileID: 1572642282081223840, guid: 4804024eb40433a4db74e65c6fc72efe, type: 3}
      propertyPath: m_LocalEulerAnglesHint.z
      value: -0.08663046
      objectReference: {fileID: 0}
    - target: {fileID: 1572642282081223843, guid: 4804024eb40433a4db74e65c6fc72efe, type: 3}
      propertyPath: m_Layer
      value: 5
      objectReference: {fileID: 0}
    - target: {fileID: 1572642282095321968, guid: 4804024eb40433a4db74e65c6fc72efe, type: 3}
      propertyPath: m_LocalEulerAnglesHint.x
      value: -0.66778195
      objectReference: {fileID: 0}
    - target: {fileID: 1572642282095321968, guid: 4804024eb40433a4db74e65c6fc72efe, type: 3}
      propertyPath: m_LocalEulerAnglesHint.y
      value: -2.645072
      objectReference: {fileID: 0}
    - target: {fileID: 1572642282095321968, guid: 4804024eb40433a4db74e65c6fc72efe, type: 3}
      propertyPath: m_LocalEulerAnglesHint.z
      value: -11.576716
      objectReference: {fileID: 0}
    - target: {fileID: 1572642282095321971, guid: 4804024eb40433a4db74e65c6fc72efe, type: 3}
      propertyPath: m_Layer
      value: 5
      objectReference: {fileID: 0}
    - target: {fileID: 1572642282106911722, guid: 4804024eb40433a4db74e65c6fc72efe, type: 3}
      propertyPath: m_LocalEulerAnglesHint.x
      value: 0.26208147
      objectReference: {fileID: 0}
    - target: {fileID: 1572642282106911722, guid: 4804024eb40433a4db74e65c6fc72efe, type: 3}
      propertyPath: m_LocalEulerAnglesHint.y
      value: 1.555744
      objectReference: {fileID: 0}
    - target: {fileID: 1572642282106911722, guid: 4804024eb40433a4db74e65c6fc72efe, type: 3}
      propertyPath: m_LocalEulerAnglesHint.z
      value: -12.923818
      objectReference: {fileID: 0}
    - target: {fileID: 1572642282106911733, guid: 4804024eb40433a4db74e65c6fc72efe, type: 3}
      propertyPath: m_Layer
      value: 5
      objectReference: {fileID: 0}
    - target: {fileID: 1572642282241831960, guid: 4804024eb40433a4db74e65c6fc72efe, type: 3}
      propertyPath: m_Layer
      value: 5
      objectReference: {fileID: 0}
    - target: {fileID: 1572642282241831961, guid: 4804024eb40433a4db74e65c6fc72efe, type: 3}
      propertyPath: m_LocalEulerAnglesHint.x
      value: -16.340515
      objectReference: {fileID: 0}
    - target: {fileID: 1572642282241831961, guid: 4804024eb40433a4db74e65c6fc72efe, type: 3}
      propertyPath: m_LocalEulerAnglesHint.y
      value: -2.7216446
      objectReference: {fileID: 0}
    - target: {fileID: 1572642282241831961, guid: 4804024eb40433a4db74e65c6fc72efe, type: 3}
      propertyPath: m_LocalEulerAnglesHint.z
      value: 5.773124
      objectReference: {fileID: 0}
    - target: {fileID: 1572642282247719974, guid: 4804024eb40433a4db74e65c6fc72efe, type: 3}
      propertyPath: m_Layer
      value: 5
      objectReference: {fileID: 0}
    - target: {fileID: 1572642282247719975, guid: 4804024eb40433a4db74e65c6fc72efe, type: 3}
      propertyPath: m_LocalEulerAnglesHint.x
      value: 45.301487
      objectReference: {fileID: 0}
    - target: {fileID: 1572642282247719975, guid: 4804024eb40433a4db74e65c6fc72efe, type: 3}
      propertyPath: m_LocalEulerAnglesHint.y
      value: -10.9148855
      objectReference: {fileID: 0}
    - target: {fileID: 1572642282247719975, guid: 4804024eb40433a4db74e65c6fc72efe, type: 3}
      propertyPath: m_LocalEulerAnglesHint.z
      value: -25.736958
      objectReference: {fileID: 0}
    - target: {fileID: 1572642282270390212, guid: 4804024eb40433a4db74e65c6fc72efe, type: 3}
      propertyPath: m_Layer
      value: 5
      objectReference: {fileID: 0}
    - target: {fileID: 1572642282270390213, guid: 4804024eb40433a4db74e65c6fc72efe, type: 3}
      propertyPath: m_LocalEulerAnglesHint.x
      value: 0.24204382
      objectReference: {fileID: 0}
    - target: {fileID: 1572642282270390213, guid: 4804024eb40433a4db74e65c6fc72efe, type: 3}
      propertyPath: m_LocalEulerAnglesHint.y
      value: 1.4491823
      objectReference: {fileID: 0}
    - target: {fileID: 1572642282270390213, guid: 4804024eb40433a4db74e65c6fc72efe, type: 3}
      propertyPath: m_LocalEulerAnglesHint.z
      value: -12.060962
      objectReference: {fileID: 0}
    - target: {fileID: 1572642282428922914, guid: 4804024eb40433a4db74e65c6fc72efe, type: 3}
      propertyPath: m_Layer
      value: 5
      objectReference: {fileID: 0}
    - target: {fileID: 1572642282428922915, guid: 4804024eb40433a4db74e65c6fc72efe, type: 3}
      propertyPath: m_LocalEulerAnglesHint.x
      value: 0.15152031
      objectReference: {fileID: 0}
    - target: {fileID: 1572642282428922915, guid: 4804024eb40433a4db74e65c6fc72efe, type: 3}
      propertyPath: m_LocalEulerAnglesHint.y
      value: 1.0837193
      objectReference: {fileID: 0}
    - target: {fileID: 1572642282428922915, guid: 4804024eb40433a4db74e65c6fc72efe, type: 3}
      propertyPath: m_LocalEulerAnglesHint.z
      value: -8.969337
      objectReference: {fileID: 0}
    - target: {fileID: 1572642282460298956, guid: 4804024eb40433a4db74e65c6fc72efe, type: 3}
      propertyPath: m_LocalEulerAnglesHint.x
      value: -4.818187
      objectReference: {fileID: 0}
    - target: {fileID: 1572642282460298956, guid: 4804024eb40433a4db74e65c6fc72efe, type: 3}
      propertyPath: m_LocalEulerAnglesHint.y
      value: 0.000011471223
      objectReference: {fileID: 0}
    - target: {fileID: 1572642282460298956, guid: 4804024eb40433a4db74e65c6fc72efe, type: 3}
      propertyPath: m_LocalEulerAnglesHint.z
      value: -0.0000014185581
      objectReference: {fileID: 0}
    - target: {fileID: 1572642282460298959, guid: 4804024eb40433a4db74e65c6fc72efe, type: 3}
      propertyPath: m_Layer
      value: 5
      objectReference: {fileID: 0}
    - target: {fileID: 1572642282492180761, guid: 4804024eb40433a4db74e65c6fc72efe, type: 3}
      propertyPath: m_Layer
      value: 5
      objectReference: {fileID: 0}
    - target: {fileID: 1572642282492180766, guid: 4804024eb40433a4db74e65c6fc72efe, type: 3}
      propertyPath: m_LocalEulerAnglesHint.x
      value: -0.97409475
      objectReference: {fileID: 0}
    - target: {fileID: 1572642282492180766, guid: 4804024eb40433a4db74e65c6fc72efe, type: 3}
      propertyPath: m_LocalEulerAnglesHint.y
      value: 1.739789
      objectReference: {fileID: 0}
    - target: {fileID: 1572642282492180766, guid: 4804024eb40433a4db74e65c6fc72efe, type: 3}
      propertyPath: m_LocalEulerAnglesHint.z
      value: -0.14165644
      objectReference: {fileID: 0}
    - target: {fileID: 1572642282511637284, guid: 4804024eb40433a4db74e65c6fc72efe, type: 3}
      propertyPath: m_LocalEulerAnglesHint.x
      value: -40.601513
      objectReference: {fileID: 0}
    - target: {fileID: 1572642282511637284, guid: 4804024eb40433a4db74e65c6fc72efe, type: 3}
      propertyPath: m_LocalEulerAnglesHint.y
      value: 56.79276
      objectReference: {fileID: 0}
    - target: {fileID: 1572642282511637284, guid: 4804024eb40433a4db74e65c6fc72efe, type: 3}
      propertyPath: m_LocalEulerAnglesHint.z
      value: 11.645006
      objectReference: {fileID: 0}
    - target: {fileID: 1572642282511637287, guid: 4804024eb40433a4db74e65c6fc72efe, type: 3}
      propertyPath: m_Layer
      value: 5
      objectReference: {fileID: 0}
    - target: {fileID: 1572642282524182260, guid: 4804024eb40433a4db74e65c6fc72efe, type: 3}
      propertyPath: m_Layer
      value: 5
      objectReference: {fileID: 0}
    - target: {fileID: 1572642282524182261, guid: 4804024eb40433a4db74e65c6fc72efe, type: 3}
      propertyPath: m_LocalEulerAnglesHint.x
      value: 0.12661067
      objectReference: {fileID: 0}
    - target: {fileID: 1572642282524182261, guid: 4804024eb40433a4db74e65c6fc72efe, type: 3}
      propertyPath: m_LocalEulerAnglesHint.y
      value: 1.3174871
      objectReference: {fileID: 0}
    - target: {fileID: 1572642282524182261, guid: 4804024eb40433a4db74e65c6fc72efe, type: 3}
      propertyPath: m_LocalEulerAnglesHint.z
      value: -10.977867
      objectReference: {fileID: 0}
    - target: {fileID: 1572642282554226844, guid: 4804024eb40433a4db74e65c6fc72efe, type: 3}
      propertyPath: m_Layer
      value: 5
      objectReference: {fileID: 0}
    - target: {fileID: 1572642282573733125, guid: 4804024eb40433a4db74e65c6fc72efe, type: 3}
      propertyPath: m_Layer
      value: 5
      objectReference: {fileID: 0}
    - target: {fileID: 1572642282573733242, guid: 4804024eb40433a4db74e65c6fc72efe, type: 3}
      propertyPath: m_LocalEulerAnglesHint.x
      value: 41.468937
      objectReference: {fileID: 0}
    - target: {fileID: 1572642282573733242, guid: 4804024eb40433a4db74e65c6fc72efe, type: 3}
      propertyPath: m_LocalEulerAnglesHint.y
      value: -3.4448586
      objectReference: {fileID: 0}
    - target: {fileID: 1572642282573733242, guid: 4804024eb40433a4db74e65c6fc72efe, type: 3}
      propertyPath: m_LocalEulerAnglesHint.z
      value: 3.6001325
      objectReference: {fileID: 0}
    - target: {fileID: 1572642282600531931, guid: 4804024eb40433a4db74e65c6fc72efe, type: 3}
      propertyPath: m_Layer
      value: 5
      objectReference: {fileID: 0}
    - target: {fileID: 1572642282608185152, guid: 4804024eb40433a4db74e65c6fc72efe, type: 3}
      propertyPath: m_Layer
      value: 5
      objectReference: {fileID: 0}
    - target: {fileID: 1572642282608185153, guid: 4804024eb40433a4db74e65c6fc72efe, type: 3}
      propertyPath: m_LocalEulerAnglesHint.x
      value: 39.29414
      objectReference: {fileID: 0}
    - target: {fileID: 1572642282608185153, guid: 4804024eb40433a4db74e65c6fc72efe, type: 3}
      propertyPath: m_LocalEulerAnglesHint.y
      value: -11.954742
      objectReference: {fileID: 0}
    - target: {fileID: 1572642282608185153, guid: 4804024eb40433a4db74e65c6fc72efe, type: 3}
      propertyPath: m_LocalEulerAnglesHint.z
      value: -9.633207
      objectReference: {fileID: 0}
    - target: {fileID: 1572642282628718872, guid: 4804024eb40433a4db74e65c6fc72efe, type: 3}
      propertyPath: m_Layer
      value: 5
      objectReference: {fileID: 0}
    - target: {fileID: 1572642282628718873, guid: 4804024eb40433a4db74e65c6fc72efe, type: 3}
      propertyPath: m_LocalEulerAnglesHint.x
      value: -0.41260606
      objectReference: {fileID: 0}
    - target: {fileID: 1572642282628718873, guid: 4804024eb40433a4db74e65c6fc72efe, type: 3}
      propertyPath: m_LocalEulerAnglesHint.y
      value: 22.960754
      objectReference: {fileID: 0}
    - target: {fileID: 1572642282628718873, guid: 4804024eb40433a4db74e65c6fc72efe, type: 3}
      propertyPath: m_LocalEulerAnglesHint.z
      value: 4.7867723
      objectReference: {fileID: 0}
    - target: {fileID: 1572642282657635497, guid: 4804024eb40433a4db74e65c6fc72efe, type: 3}
      propertyPath: m_Layer
      value: 5
      objectReference: {fileID: 0}
    - target: {fileID: 1572642282703406820, guid: 4804024eb40433a4db74e65c6fc72efe, type: 3}
      propertyPath: m_LocalEulerAnglesHint.x
      value: 9.6155205
      objectReference: {fileID: 0}
    - target: {fileID: 1572642282703406820, guid: 4804024eb40433a4db74e65c6fc72efe, type: 3}
      propertyPath: m_LocalEulerAnglesHint.y
      value: -0.18365362
      objectReference: {fileID: 0}
    - target: {fileID: 1572642282703406820, guid: 4804024eb40433a4db74e65c6fc72efe, type: 3}
      propertyPath: m_LocalEulerAnglesHint.z
      value: -1.1382487
      objectReference: {fileID: 0}
    - target: {fileID: 1572642282703406823, guid: 4804024eb40433a4db74e65c6fc72efe, type: 3}
      propertyPath: m_Layer
      value: 5
      objectReference: {fileID: 0}
    - target: {fileID: 1572642282713094584, guid: 4804024eb40433a4db74e65c6fc72efe, type: 3}
      propertyPath: m_LocalEulerAnglesHint.x
      value: -2.4245646
      objectReference: {fileID: 0}
    - target: {fileID: 1572642282713094584, guid: 4804024eb40433a4db74e65c6fc72efe, type: 3}
      propertyPath: m_LocalEulerAnglesHint.y
      value: -15.079516
      objectReference: {fileID: 0}
    - target: {fileID: 1572642282713094584, guid: 4804024eb40433a4db74e65c6fc72efe, type: 3}
      propertyPath: m_LocalEulerAnglesHint.z
      value: -8.6847725
      objectReference: {fileID: 0}
    - target: {fileID: 1572642282713094587, guid: 4804024eb40433a4db74e65c6fc72efe, type: 3}
      propertyPath: m_Layer
      value: 5
      objectReference: {fileID: 0}
    - target: {fileID: 1572642282734295274, guid: 4804024eb40433a4db74e65c6fc72efe, type: 3}
      propertyPath: m_LocalEulerAnglesHint.x
      value: -1.2648351
      objectReference: {fileID: 0}
    - target: {fileID: 1572642282734295274, guid: 4804024eb40433a4db74e65c6fc72efe, type: 3}
      propertyPath: m_LocalEulerAnglesHint.y
      value: -0.14706524
      objectReference: {fileID: 0}
    - target: {fileID: 1572642282734295274, guid: 4804024eb40433a4db74e65c6fc72efe, type: 3}
      propertyPath: m_LocalEulerAnglesHint.z
      value: 2.1034315
      objectReference: {fileID: 0}
    - target: {fileID: 1572642282734295285, guid: 4804024eb40433a4db74e65c6fc72efe, type: 3}
      propertyPath: m_Layer
      value: 5
      objectReference: {fileID: 0}
    - target: {fileID: 1572642282842975762, guid: 4804024eb40433a4db74e65c6fc72efe, type: 3}
      propertyPath: m_Layer
      value: 5
      objectReference: {fileID: 0}
    - target: {fileID: 1572642282842975763, guid: 4804024eb40433a4db74e65c6fc72efe, type: 3}
      propertyPath: m_LocalEulerAnglesHint.x
      value: 8.212405
      objectReference: {fileID: 0}
    - target: {fileID: 1572642282842975763, guid: 4804024eb40433a4db74e65c6fc72efe, type: 3}
      propertyPath: m_LocalEulerAnglesHint.y
      value: -1.5394359
      objectReference: {fileID: 0}
    - target: {fileID: 1572642282842975763, guid: 4804024eb40433a4db74e65c6fc72efe, type: 3}
      propertyPath: m_LocalEulerAnglesHint.z
      value: -8.379526
      objectReference: {fileID: 0}
    - target: {fileID: 1572642282871691132, guid: 4804024eb40433a4db74e65c6fc72efe, type: 3}
      propertyPath: m_Layer
      value: 5
      objectReference: {fileID: 0}
    - target: {fileID: 1572642282871691133, guid: 4804024eb40433a4db74e65c6fc72efe, type: 3}
      propertyPath: m_LocalEulerAnglesHint.x
      value: 1.0339677
      objectReference: {fileID: 0}
    - target: {fileID: 1572642282871691133, guid: 4804024eb40433a4db74e65c6fc72efe, type: 3}
      propertyPath: m_LocalEulerAnglesHint.y
      value: 6.201607
      objectReference: {fileID: 0}
    - target: {fileID: 1572642282871691133, guid: 4804024eb40433a4db74e65c6fc72efe, type: 3}
      propertyPath: m_LocalEulerAnglesHint.z
      value: -8.624458
      objectReference: {fileID: 0}
    - target: {fileID: 1572642282876043408, guid: 4804024eb40433a4db74e65c6fc72efe, type: 3}
      propertyPath: m_LocalEulerAnglesHint.x
      value: -19.564062
      objectReference: {fileID: 0}
    - target: {fileID: 1572642282876043408, guid: 4804024eb40433a4db74e65c6fc72efe, type: 3}
      propertyPath: m_LocalEulerAnglesHint.y
      value: 13.672453
      objectReference: {fileID: 0}
    - target: {fileID: 1572642282876043408, guid: 4804024eb40433a4db74e65c6fc72efe, type: 3}
      propertyPath: m_LocalEulerAnglesHint.z
      value: -0.63530993
      objectReference: {fileID: 0}
    - target: {fileID: 1572642282876043411, guid: 4804024eb40433a4db74e65c6fc72efe, type: 3}
      propertyPath: m_Layer
      value: 5
      objectReference: {fileID: 0}
    - target: {fileID: 1572642282878165844, guid: 4804024eb40433a4db74e65c6fc72efe, type: 3}
      propertyPath: m_Layer
      value: 5
      objectReference: {fileID: 0}
    - target: {fileID: 1572642282878165845, guid: 4804024eb40433a4db74e65c6fc72efe, type: 3}
      propertyPath: m_LocalEulerAnglesHint.x
      value: 0.2618698
      objectReference: {fileID: 0}
    - target: {fileID: 1572642282878165845, guid: 4804024eb40433a4db74e65c6fc72efe, type: 3}
      propertyPath: m_LocalEulerAnglesHint.y
      value: 1.5555711
      objectReference: {fileID: 0}
    - target: {fileID: 1572642282878165845, guid: 4804024eb40433a4db74e65c6fc72efe, type: 3}
      propertyPath: m_LocalEulerAnglesHint.z
      value: -12.92384
      objectReference: {fileID: 0}
    - target: {fileID: 1572642282913486872, guid: 4804024eb40433a4db74e65c6fc72efe, type: 3}
      propertyPath: m_LocalEulerAnglesHint.x
      value: 44.88493
      objectReference: {fileID: 0}
    - target: {fileID: 1572642282913486872, guid: 4804024eb40433a4db74e65c6fc72efe, type: 3}
      propertyPath: m_LocalEulerAnglesHint.y
      value: 2.3563652
      objectReference: {fileID: 0}
    - target: {fileID: 1572642282913486872, guid: 4804024eb40433a4db74e65c6fc72efe, type: 3}
      propertyPath: m_LocalEulerAnglesHint.z
      value: 11.774086
      objectReference: {fileID: 0}
    - target: {fileID: 1572642282913486875, guid: 4804024eb40433a4db74e65c6fc72efe, type: 3}
      propertyPath: m_Layer
      value: 5
      objectReference: {fileID: 0}
    - target: {fileID: 1572642282940580504, guid: 4804024eb40433a4db74e65c6fc72efe, type: 3}
      propertyPath: m_Layer
      value: 5
      objectReference: {fileID: 0}
    - target: {fileID: 1572642282940580505, guid: 4804024eb40433a4db74e65c6fc72efe, type: 3}
      propertyPath: m_LocalEulerAnglesHint.x
      value: 0.17648923
      objectReference: {fileID: 0}
    - target: {fileID: 1572642282940580505, guid: 4804024eb40433a4db74e65c6fc72efe, type: 3}
      propertyPath: m_LocalEulerAnglesHint.y
      value: 1.1932642
      objectReference: {fileID: 0}
    - target: {fileID: 1572642282940580505, guid: 4804024eb40433a4db74e65c6fc72efe, type: 3}
      propertyPath: m_LocalEulerAnglesHint.z
      value: -9.888992
      objectReference: {fileID: 0}
    - target: {fileID: 1572642282982501364, guid: 4804024eb40433a4db74e65c6fc72efe, type: 3}
      propertyPath: m_RootOrder
      value: 0
      objectReference: {fileID: 0}
    - target: {fileID: 1572642282982501364, guid: 4804024eb40433a4db74e65c6fc72efe, type: 3}
      propertyPath: m_LocalPosition.x
      value: -0.039978027
      objectReference: {fileID: 0}
    - target: {fileID: 1572642282982501364, guid: 4804024eb40433a4db74e65c6fc72efe, type: 3}
      propertyPath: m_LocalPosition.y
      value: -0.8699951
      objectReference: {fileID: 0}
    - target: {fileID: 1572642282982501364, guid: 4804024eb40433a4db74e65c6fc72efe, type: 3}
      propertyPath: m_LocalPosition.z
      value: 2.8599997
      objectReference: {fileID: 0}
    - target: {fileID: 1572642282982501364, guid: 4804024eb40433a4db74e65c6fc72efe, type: 3}
      propertyPath: m_LocalRotation.w
      value: 0
      objectReference: {fileID: 0}
    - target: {fileID: 1572642282982501364, guid: 4804024eb40433a4db74e65c6fc72efe, type: 3}
      propertyPath: m_LocalRotation.x
      value: -0
      objectReference: {fileID: 0}
    - target: {fileID: 1572642282982501364, guid: 4804024eb40433a4db74e65c6fc72efe, type: 3}
      propertyPath: m_LocalRotation.y
      value: 1
      objectReference: {fileID: 0}
    - target: {fileID: 1572642282982501364, guid: 4804024eb40433a4db74e65c6fc72efe, type: 3}
      propertyPath: m_LocalRotation.z
      value: -0
      objectReference: {fileID: 0}
    - target: {fileID: 1572642282982501364, guid: 4804024eb40433a4db74e65c6fc72efe, type: 3}
      propertyPath: m_LocalEulerAnglesHint.x
      value: 0
      objectReference: {fileID: 0}
    - target: {fileID: 1572642282982501364, guid: 4804024eb40433a4db74e65c6fc72efe, type: 3}
      propertyPath: m_LocalEulerAnglesHint.y
      value: 180
      objectReference: {fileID: 0}
    - target: {fileID: 1572642282982501364, guid: 4804024eb40433a4db74e65c6fc72efe, type: 3}
      propertyPath: m_LocalEulerAnglesHint.z
      value: 0
      objectReference: {fileID: 0}
    - target: {fileID: 1572642282982501365, guid: 4804024eb40433a4db74e65c6fc72efe, type: 3}
      propertyPath: autoAnim
      value: 1
      objectReference: {fileID: 0}
    - target: {fileID: 1572642282982501365, guid: 4804024eb40433a4db74e65c6fc72efe, type: 3}
      propertyPath: scriptableAnimations
      value: 
      objectReference: {fileID: 11400000, guid: d5ed0afb106dc884c949badfd4b053b2, type: 2}
    - target: {fileID: 1572642282982501367, guid: 4804024eb40433a4db74e65c6fc72efe, type: 3}
      propertyPath: m_Name
      value: Hero
      objectReference: {fileID: 0}
    - target: {fileID: 1572642282982501367, guid: 4804024eb40433a4db74e65c6fc72efe, type: 3}
      propertyPath: m_Layer
      value: 5
      objectReference: {fileID: 0}
    - target: {fileID: 1572642282989105642, guid: 4804024eb40433a4db74e65c6fc72efe, type: 3}
      propertyPath: m_LocalEulerAnglesHint.x
      value: 1.9281392
      objectReference: {fileID: 0}
    - target: {fileID: 1572642282989105642, guid: 4804024eb40433a4db74e65c6fc72efe, type: 3}
      propertyPath: m_LocalEulerAnglesHint.y
      value: 0.23445544
      objectReference: {fileID: 0}
    - target: {fileID: 1572642282989105642, guid: 4804024eb40433a4db74e65c6fc72efe, type: 3}
      propertyPath: m_LocalEulerAnglesHint.z
      value: -1.7086954
      objectReference: {fileID: 0}
    - target: {fileID: 1572642282989105653, guid: 4804024eb40433a4db74e65c6fc72efe, type: 3}
      propertyPath: m_Layer
      value: 5
      objectReference: {fileID: 0}
    - target: {fileID: 1572642282996770302, guid: 4804024eb40433a4db74e65c6fc72efe, type: 3}
      propertyPath: m_Layer
      value: 5
      objectReference: {fileID: 0}
    - target: {fileID: 1572642283002453876, guid: 4804024eb40433a4db74e65c6fc72efe, type: 3}
      propertyPath: m_LocalEulerAnglesHint.x
      value: -0.4201087
      objectReference: {fileID: 0}
    - target: {fileID: 1572642283002453876, guid: 4804024eb40433a4db74e65c6fc72efe, type: 3}
      propertyPath: m_LocalEulerAnglesHint.y
      value: 8.580212
      objectReference: {fileID: 0}
    - target: {fileID: 1572642283002453876, guid: 4804024eb40433a4db74e65c6fc72efe, type: 3}
      propertyPath: m_LocalEulerAnglesHint.z
      value: 5.6197414
      objectReference: {fileID: 0}
    - target: {fileID: 1572642283002453879, guid: 4804024eb40433a4db74e65c6fc72efe, type: 3}
      propertyPath: m_Layer
      value: 5
      objectReference: {fileID: 0}
    - target: {fileID: 1572642283017208638, guid: 4804024eb40433a4db74e65c6fc72efe, type: 3}
      propertyPath: m_Layer
      value: 5
      objectReference: {fileID: 0}
    - target: {fileID: 1572642283017208639, guid: 4804024eb40433a4db74e65c6fc72efe, type: 3}
      propertyPath: m_LocalEulerAnglesHint.x
      value: 0.19210285
      objectReference: {fileID: 0}
    - target: {fileID: 1572642283017208639, guid: 4804024eb40433a4db74e65c6fc72efe, type: 3}
      propertyPath: m_LocalEulerAnglesHint.y
      value: 1.2557343
      objectReference: {fileID: 0}
    - target: {fileID: 1572642283017208639, guid: 4804024eb40433a4db74e65c6fc72efe, type: 3}
      propertyPath: m_LocalEulerAnglesHint.z
      value: -10.421512
      objectReference: {fileID: 0}
    - target: {fileID: 1572642283035329788, guid: 4804024eb40433a4db74e65c6fc72efe, type: 3}
      propertyPath: m_LocalEulerAnglesHint.x
      value: -23.942068
      objectReference: {fileID: 0}
    - target: {fileID: 1572642283035329788, guid: 4804024eb40433a4db74e65c6fc72efe, type: 3}
      propertyPath: m_LocalEulerAnglesHint.y
      value: -11.100478
      objectReference: {fileID: 0}
    - target: {fileID: 1572642283035329788, guid: 4804024eb40433a4db74e65c6fc72efe, type: 3}
      propertyPath: m_LocalEulerAnglesHint.z
      value: 18.987846
      objectReference: {fileID: 0}
    - target: {fileID: 1572642283035329791, guid: 4804024eb40433a4db74e65c6fc72efe, type: 3}
      propertyPath: m_Layer
      value: 5
      objectReference: {fileID: 0}
    m_RemovedComponents: []
  m_SourcePrefab: {fileID: 100100000, guid: 4804024eb40433a4db74e65c6fc72efe, type: 3}
--- !u!4 &2301906335003626495 stripped
Transform:
  m_CorrespondingSourceObject: {fileID: 1572642282982501364, guid: 4804024eb40433a4db74e65c6fc72efe, type: 3}
  m_PrefabInstance: {fileID: 729906737098956811}
  m_PrefabAsset: {fileID: 0}
