%YAML 1.1
%TAG !u! tag:unity3d.com,2011:
--- !u!1 &8273321308138130790
GameObject:
  m_ObjectHideFlags: 0
  m_CorrespondingSourceObject: {fileID: 0}
  m_PrefabInstance: {fileID: 0}
  m_PrefabAsset: {fileID: 0}
  serializedVersion: 6
  m_Component:
  - component: {fileID: 8273321308138130787}
  - component: {fileID: 8273321308138130788}
  - component: {fileID: 8273321308138130789}
  - component: {fileID: 1887160653794447667}
  m_Layer: 0
  m_Name: Main Camera
  m_TagString: MainCamera
  m_Icon: {fileID: 0}
  m_NavMeshLayer: 0
  m_StaticEditorFlags: 0
  m_IsActive: 1
--- !u!4 &8273321308138130787
Transform:
  m_ObjectHideFlags: 0
  m_CorrespondingSourceObject: {fileID: 0}
  m_PrefabInstance: {fileID: 0}
  m_PrefabAsset: {fileID: 0}
  m_GameObject: {fileID: 8273321308138130790}
  m_LocalRotation: {x: -0, y: -0, z: -0, w: 1}
  m_LocalPosition: {x: 0, y: 0.626, z: 0}
  m_LocalScale: {x: 1, y: 1, z: 1}
  m_Children: []
  m_Father: {fileID: 8273321308663470821}
  m_RootOrder: 0
  m_LocalEulerAnglesHint: {x: 0, y: 0, z: 0}
--- !u!20 &8273321308138130788
Camera:
  m_ObjectHideFlags: 0
  m_CorrespondingSourceObject: {fileID: 0}
  m_PrefabInstance: {fileID: 0}
  m_PrefabAsset: {fileID: 0}
  m_GameObject: {fileID: 8273321308138130790}
  m_Enabled: 1
  serializedVersion: 2
  m_ClearFlags: 1
  m_BackGroundColor: {r: 0.19215687, g: 0.3019608, b: 0.4745098, a: 0}
  m_projectionMatrixMode: 1
  m_GateFitMode: 2
  m_FOVAxisMode: 0
  m_SensorSize: {x: 36, y: 24}
  m_LensShift: {x: 0, y: 0}
  m_FocalLength: 50
  m_NormalizedViewPortRect:
    serializedVersion: 2
    x: 0
    y: 0
    width: 1
    height: 1
  near clip plane: 0.3
  far clip plane: 1000
  field of view: 60
  orthographic: 0
  orthographic size: 5
  m_Depth: -1
  m_CullingMask:
    serializedVersion: 2
    m_Bits: 95
  m_RenderingPath: -1
  m_TargetTexture: {fileID: 0}
  m_TargetDisplay: 0
  m_TargetEye: 3
  m_HDR: 1
  m_AllowMSAA: 1
  m_AllowDynamicResolution: 0
  m_ForceIntoRT: 0
  m_OcclusionCulling: 1
  m_StereoConvergence: 10
  m_StereoSeparation: 0.022
--- !u!81 &8273321308138130789
AudioListener:
  m_ObjectHideFlags: 0
  m_CorrespondingSourceObject: {fileID: 0}
  m_PrefabInstance: {fileID: 0}
  m_PrefabAsset: {fileID: 0}
  m_GameObject: {fileID: 8273321308138130790}
  m_Enabled: 1
--- !u!114 &1887160653794447667
MonoBehaviour:
  m_ObjectHideFlags: 0
  m_CorrespondingSourceObject: {fileID: 0}
  m_PrefabInstance: {fileID: 0}
  m_PrefabAsset: {fileID: 0}
  m_GameObject: {fileID: 8273321308138130790}
  m_Enabled: 1
  m_EditorHideFlags: 0
  m_Script: {fileID: 11500000, guid: 2f2527c5293128a4c8aec596c66f67c3, type: 3}
  m_Name: 
  m_EditorClassIdentifier: 
  clampInDegrees: {x: 360, y: 30}
  lockCursor: 1
  sensitivity: {x: 1, y: 1}
  smoothing: {x: 2, y: 2}
  targetDirection: {x: 0, y: 0}
  targetCharacterDirection: {x: 0, y: 0}
  characterBody: {fileID: 8273321308663470872}
  axiX: Mouse X
  axiY: Mouse Y
--- !u!1 &8273321308663470872
GameObject:
  m_ObjectHideFlags: 0
  m_CorrespondingSourceObject: {fileID: 0}
  m_PrefabInstance: {fileID: 0}
  m_PrefabAsset: {fileID: 0}
  serializedVersion: 6
  m_Component:
  - component: {fileID: 8273321308663470821}
  - component: {fileID: 8273321308663470822}
  - component: {fileID: 8273321308663470823}
  - component: {fileID: 645116304}
  m_Layer: 0
  m_Name: Player
  m_TagString: Player
  m_Icon: {fileID: 0}
  m_NavMeshLayer: 0
  m_StaticEditorFlags: 0
  m_IsActive: 1
--- !u!4 &8273321308663470821
Transform:
  m_ObjectHideFlags: 0
  m_CorrespondingSourceObject: {fileID: 0}
  m_PrefabInstance: {fileID: 0}
  m_PrefabAsset: {fileID: 0}
  m_GameObject: {fileID: 8273321308663470872}
  m_LocalRotation: {x: 0, y: 0, z: 0, w: 1}
  m_LocalPosition: {x: 0, y: -0.12, z: 0}
  m_LocalScale: {x: 1, y: 1, z: 1}
  m_Children:
  - {fileID: 8273321308138130787}
  - {fileID: 8456076301865730411}
  m_Father: {fileID: 0}
  m_RootOrder: 0
  m_LocalEulerAnglesHint: {x: 0, y: 0, z: 0}
--- !u!143 &8273321308663470822
CharacterController:
  m_ObjectHideFlags: 0
  m_CorrespondingSourceObject: {fileID: 0}
  m_PrefabInstance: {fileID: 0}
  m_PrefabAsset: {fileID: 0}
  m_GameObject: {fileID: 8273321308663470872}
  m_Material: {fileID: 0}
  m_IsTrigger: 0
  m_Enabled: 1
  serializedVersion: 2
  m_Height: 2
  m_Radius: 0.5
  m_SlopeLimit: 45
  m_StepOffset: 0.3
  m_SkinWidth: 0.08
  m_MinMoveDistance: 0.001
  m_Center: {x: 0, y: 0, z: 0}
--- !u!114 &8273321308663470823
MonoBehaviour:
  m_ObjectHideFlags: 0
  m_CorrespondingSourceObject: {fileID: 0}
  m_PrefabInstance: {fileID: 0}
  m_PrefabAsset: {fileID: 0}
  m_GameObject: {fileID: 8273321308663470872}
  m_Enabled: 1
  m_EditorHideFlags: 0
  m_Script: {fileID: 11500000, guid: c8736a8bcd3a14542994e4b1a77250c7, type: 3}
  m_Name: 
  m_EditorClassIdentifier: 
  scriptablePlayerMove: {fileID: 11400000, guid: a353c6d507ba25e4ab5e8f4a883e7b98, type: 2}
  controller: {fileID: 8273321308663470822}
  axiX: Horizontal
  axiY: Vertical
  jumpKey: Jump
--- !u!114 &645116304
MonoBehaviour:
  m_ObjectHideFlags: 0
  m_CorrespondingSourceObject: {fileID: 0}
  m_PrefabInstance: {fileID: 0}
  m_PrefabAsset: {fileID: 0}
  m_GameObject: {fileID: 8273321308663470872}
  m_Enabled: 1
  m_EditorHideFlags: 0
  m_Script: {fileID: 11500000, guid: d9b9eb651699ff044a8542581dedd47a, type: 3}
  m_Name: 
  m_EditorClassIdentifier: 
  currentGun: {fileID: 0}
  gunModel: {fileID: 6128542681700464677}
  attach: {fileID: 2075411111891196350}
  gunKey: Fire1
--- !u!1001 &8273321308217091712
PrefabInstance:
  m_ObjectHideFlags: 0
  serializedVersion: 2
  m_Modification:
    m_TransformParent: {fileID: 8273321308663470821}
    m_Modifications:
    - target: {fileID: -8679921383154817045, guid: e9fd702533fe4cf4f9d7dedd0b4e9f9f, type: 3}
      propertyPath: m_RootOrder
      value: 1
      objectReference: {fileID: 0}
    - target: {fileID: -8679921383154817045, guid: e9fd702533fe4cf4f9d7dedd0b4e9f9f, type: 3}
      propertyPath: m_LocalPosition.x
      value: 0
      objectReference: {fileID: 0}
    - target: {fileID: -8679921383154817045, guid: e9fd702533fe4cf4f9d7dedd0b4e9f9f, type: 3}
      propertyPath: m_LocalPosition.y
      value: -1
      objectReference: {fileID: 0}
    - target: {fileID: -8679921383154817045, guid: e9fd702533fe4cf4f9d7dedd0b4e9f9f, type: 3}
      propertyPath: m_LocalPosition.z
      value: 0
      objectReference: {fileID: 0}
    - target: {fileID: -8679921383154817045, guid: e9fd702533fe4cf4f9d7dedd0b4e9f9f, type: 3}
      propertyPath: m_LocalRotation.w
      value: 1
      objectReference: {fileID: 0}
    - target: {fileID: -8679921383154817045, guid: e9fd702533fe4cf4f9d7dedd0b4e9f9f, type: 3}
      propertyPath: m_LocalRotation.x
      value: -0
      objectReference: {fileID: 0}
    - target: {fileID: -8679921383154817045, guid: e9fd702533fe4cf4f9d7dedd0b4e9f9f, type: 3}
      propertyPath: m_LocalRotation.y
      value: -0
      objectReference: {fileID: 0}
    - target: {fileID: -8679921383154817045, guid: e9fd702533fe4cf4f9d7dedd0b4e9f9f, type: 3}
      propertyPath: m_LocalRotation.z
      value: -0
      objectReference: {fileID: 0}
    - target: {fileID: -8679921383154817045, guid: e9fd702533fe4cf4f9d7dedd0b4e9f9f, type: 3}
      propertyPath: m_LocalEulerAnglesHint.x
      value: 0
      objectReference: {fileID: 0}
    - target: {fileID: -8679921383154817045, guid: e9fd702533fe4cf4f9d7dedd0b4e9f9f, type: 3}
      propertyPath: m_LocalEulerAnglesHint.y
      value: 0
      objectReference: {fileID: 0}
    - target: {fileID: -8679921383154817045, guid: e9fd702533fe4cf4f9d7dedd0b4e9f9f, type: 3}
      propertyPath: m_LocalEulerAnglesHint.z
      value: 0
      objectReference: {fileID: 0}
    - target: {fileID: 919132149155446097, guid: e9fd702533fe4cf4f9d7dedd0b4e9f9f, type: 3}
      propertyPath: m_Name
      value: ely_k_atienza
      objectReference: {fileID: 0}
    - target: {fileID: 5866666021909216657, guid: e9fd702533fe4cf4f9d7dedd0b4e9f9f, type: 3}
      propertyPath: m_Controller
      value: 
      objectReference: {fileID: 9100000, guid: a8c65e45d9669a44e8030a6eef81a264, type: 2}
    - target: {fileID: 5866666021909216657, guid: e9fd702533fe4cf4f9d7dedd0b4e9f9f, type: 3}
      propertyPath: m_ApplyRootMotion
      value: 0
      objectReference: {fileID: 0}
    m_RemovedComponents: []
  m_SourcePrefab: {fileID: 100100000, guid: e9fd702533fe4cf4f9d7dedd0b4e9f9f, type: 3}
--- !u!4 &8456076301865730411 stripped
Transform:
  m_CorrespondingSourceObject: {fileID: -8679921383154817045, guid: e9fd702533fe4cf4f9d7dedd0b4e9f9f, type: 3}
  m_PrefabInstance: {fileID: 8273321308217091712}
  m_PrefabAsset: {fileID: 0}
--- !u!4 &2075411111891196350 stripped
Transform:
  m_CorrespondingSourceObject: {fileID: 7934756007121485630, guid: e9fd702533fe4cf4f9d7dedd0b4e9f9f, type: 3}
  m_PrefabInstance: {fileID: 8273321308217091712}
  m_PrefabAsset: {fileID: 0}
--- !u!1001 &8273321308455466557
PrefabInstance:
  m_ObjectHideFlags: 0
  serializedVersion: 2
  m_Modification:
    m_TransformParent: {fileID: 2075411111891196350}
    m_Modifications:
    - target: {fileID: 2867417286392604782, guid: 37e98970f8baf7647b735d9036006f0d, type: 3}
      propertyPath: m_Name
      value: Gun
      objectReference: {fileID: 0}
    - target: {fileID: 2867417286392604782, guid: 37e98970f8baf7647b735d9036006f0d, type: 3}
      propertyPath: m_IsActive
      value: 0
      objectReference: {fileID: 0}
    - target: {fileID: 2872250911046700568, guid: 37e98970f8baf7647b735d9036006f0d, type: 3}
      propertyPath: m_RootOrder
      value: 0
      objectReference: {fileID: 0}
    - target: {fileID: 2872250911046700568, guid: 37e98970f8baf7647b735d9036006f0d, type: 3}
      propertyPath: m_LocalPosition.x
      value: 0.02
      objectReference: {fileID: 0}
    - target: {fileID: 2872250911046700568, guid: 37e98970f8baf7647b735d9036006f0d, type: 3}
      propertyPath: m_LocalPosition.y
      value: -0.081999965
      objectReference: {fileID: 0}
    - target: {fileID: 2872250911046700568, guid: 37e98970f8baf7647b735d9036006f0d, type: 3}
      propertyPath: m_LocalPosition.z
      value: 0.0040000016
      objectReference: {fileID: 0}
    - target: {fileID: 2872250911046700568, guid: 37e98970f8baf7647b735d9036006f0d, type: 3}
      propertyPath: m_LocalRotation.w
      value: 0.000000005037953
      objectReference: {fileID: 0}
    - target: {fileID: 2872250911046700568, guid: 37e98970f8baf7647b735d9036006f0d, type: 3}
      propertyPath: m_LocalRotation.x
      value: -0.000000007940819
      objectReference: {fileID: 0}
    - target: {fileID: 2872250911046700568, guid: 37e98970f8baf7647b735d9036006f0d, type: 3}
      propertyPath: m_LocalRotation.y
      value: -0.6658164
      objectReference: {fileID: 0}
    - target: {fileID: 2872250911046700568, guid: 37e98970f8baf7647b735d9036006f0d, type: 3}
      propertyPath: m_LocalRotation.z
      value: -0.7461156
      objectReference: {fileID: 0}
    - target: {fileID: 2872250911046700568, guid: 37e98970f8baf7647b735d9036006f0d, type: 3}
      propertyPath: m_LocalEulerAnglesHint.x
      value: -96.51
      objectReference: {fileID: 0}
    - target: {fileID: 2872250911046700568, guid: 37e98970f8baf7647b735d9036006f0d, type: 3}
      propertyPath: m_LocalEulerAnglesHint.y
      value: -180
      objectReference: {fileID: 0}
    - target: {fileID: 2872250911046700568, guid: 37e98970f8baf7647b735d9036006f0d, type: 3}
      propertyPath: m_LocalEulerAnglesHint.z
      value: 0
      objectReference: {fileID: 0}
    - target: {fileID: 4552356144310477306, guid: 37e98970f8baf7647b735d9036006f0d, type: 3}
      propertyPath: m_Controller
      value: 
      objectReference: {fileID: 0}
    m_RemovedComponents:
    - {fileID: 4283532953363553607, guid: 37e98970f8baf7647b735d9036006f0d, type: 3}
    - {fileID: 4552356144310477306, guid: 37e98970f8baf7647b735d9036006f0d, type: 3}
  m_SourcePrefab: {fileID: 100100000, guid: 37e98970f8baf7647b735d9036006f0d, type: 3}
--- !u!4 &6128542681700464677 stripped
Transform:
  m_CorrespondingSourceObject: {fileID: 2872250911046700568, guid: 37e98970f8baf7647b735d9036006f0d, type: 3}
  m_PrefabInstance: {fileID: 8273321308455466557}
  m_PrefabAsset: {fileID: 0}
